4930 5978
1212 437 1231 497 b

465 647 684 715 Rotbstcinius
724 645 863 730 quidem,
909 647 961 730 qui
995 666 1097 731 nuper
1128 649 1242 729 (1898)
1282 647 1516 713 nobilissimam
1555 646 1746 713 ministravit
1788 646 1962 713 editionem
1995 655 2124 732 poetae,

305 756 537 824 Luctiohannis
566 754 608 821 dc
636 754 804 840 periegeta
835 753 1001 837 Propertio
1031 755 1224 821 sententiam
1255 756 1352 839 plane
1384 755 1460 822 fecit
1490 775 1591 820 snam.
1641 755 1709 820 Nec
1733 773 1796 820 non
1821 753 1963 821 arridere
1987 763 2124 840 apparet

304 864 388 931 hanc
412 862 586 930 carminum
611 861 916 945 contemplationem
941 859 1105 928 Priderico
1127 862 1253 930 Cancro
1276 863 1435 946 (Berliner
1450 862 1559 948 philol.
1577 861 1834 928 Wocbenschrift
1854 865 1949 948 1885,
1966 883 1997 947 p.
2018 865 2123 943 1579)

306 973 536 1056 Praeterquam
565 968 651 1054 qnod
681 968 725 1035 ad
750 968 933 1052 analogiam
965 967 1149 1035 calendaria
1177 969 1408 1037 Ovidiancrum
1435 970 1605 1036 Fastorum
1638 968 1857 1054 dispositionis
1887 989 1947 1036 nos
1981 969 2122 1054 delegat,

306 1079 396 1147 initio
421 1079 562 1146 omnium
584 1076 652 1143 fere
683 1084 862 1142 nostrarum
889 1075 1065 1158 elegiarum
1098 1083 1218 1143 certum
1249 1079 1336 1144 urbis
1366 1079 1489 1143 Romae
1525 1078 1630 1144 locum
1663 1076 1950 1143 commemorari
1980 1099 2001 1142 a
2030 1084 2127 1162 poeta

307 1192 442 1254 annotat
458 1185 512 1253 hic
538 1184 585 1250 vir
604 1183 726 1251 doetus.
766 1182 870 1248 Nimis
894 1182 1040 1268 fidenter,
1065 1204 1116 1250 me
1142 1183 1272 1268 quidem
1295 1185 1412 1251 iodicc.
1460 1185 1588 1250 Mallem
1613 1184 1763 1268 equidem
1787 1183 1923 1251 dixisset
1950 1184 2127 1270 potuisse

308 1293 508 1362 obversari
536 1298 654 1377 poetae
681 1289 848 1375 regionem
872 1297 993 1356 certam
1018 1289 1114 1358 Urbis
1138 1293 1192 1358 vel
1215 1291 1398 1359 aedificium
1420 1292 1473 1374 (cf.
1498 1311 1547 1358 ex.
1573 1313 1620 1376 gr.
1646 1312 1774 1358 carmen
1798 1292 1859 1371 X.).

468 1420 620 1484 Attamen
643 1415 784 1484 fortasse
808 1416 840 1480 in
872 1415 1012 1499 aliquam
1044 1416 1174 1500 quidem
1198 1438 1269 1484 cum
1298 1418 1347 1484 his
1375 1417 1453 1485 viris
1485 1417 1589 1483 doctis
1618 1417 1877 1484 communitatem
1905 1417 2126 1501 deveniemus,

310 1526 443 1594 simulac
467 1545 550 1609 quae
573 1524 669 1591 tertia
697 1524 823 1608 prolata
849 1531 898 1588 cst
932 1523 1181 1590 examinarimus
1212 1526 1418 1610 sententiam,
1452 1545 1516 1610 qua
1541 1524 1773 1609 Hertcbergius
1797 1523 1981 1591 Krabnerus
2014 1522 2126 1590 Kircb-

309 1655 404 1701 uerus
428 1631 591 1700 Scbarfius
602 1631 774 1715 Largius1)
796 1630 853 1696 alii
865 1631 1100 1714 ,Causarum‘
1122 1631 1246 1698 titulum
1267 1639 1377 1718 aptum
1398 1632 1740 1715 accommodatumque
1762 1650 1835 1698 esse
1858 1630 1977 1697 nostris
2001 1629 2126 1714 elegiis,

310 1741 458 1825 exemplo
492 1745 600 1806 autem
632 1736 833 1823 Callimachi,
865 1737 897 1802 in
927 1758 989 1822 quo
1017 1737 1173 1807 imitando
1205 1759 1277 1806 eum
1311 1739 1439 1806 omnino
1473 1742 1540 1806 fore
1576 1747 1676 1806 totum
1709 1759 1745 1804 sc
1775 1739 1955 1805 collocasse
1985 1738 2018 1803 in
2053 1757 2126 1804 con-

314 1868 407 1916 cesso
432 1855 490 1927 cst,
515 1847 680 1915 incensum
707 1865 780 1912 esse
810 1844 853 1911 ad
883 1865 940 1912 eas
971 1846 1164 1930 pangendss
1187 1859 1318 1932 poetam
1342 1855 1515 1914 autumant.
1562 1848 1641 1914 Cum
1665 1847 1780 1931 quibus
1810 1866 1872 1931 ego
1903 1865 1967 1912 non
1996 1865 2126 1930 possum

311 1956 385 2041 quin
408 1954 535 2022 faciam.

471 2085 574 2165 Atque
594 2084 784 2165 argumenta
800 2078 929 2162 singula
948 2097 1032 2162 quae
1053 2078 1239 2146 Callimachi
1259 2080 1393 2164 ,Aetiis‘,
1419 2100 1552 2164 quornm
1574 2087 1702 2146 exstant
1718 2079 1816 2163 nulla,
1840 2083 1979 2144 tractus
2002 2077 2128 2161 fuerint,

314 2209 509 2275 quamquam
543 2187 690 2271 quaestio
717 2192 767 2251 est
800 2184 990 2276 difficillima
1028 2193 1060 2252 et
1096 2187 1234 2271 longior,
1276 2207 1370 2270 quam
1397 2207 1481 2271 quse
1505 2186 1663 2254 hocloco
1697 2187 1740 2252 ad
1772 2187 1939 2252 obrussam
1970 2184 2127 2268 exigatur,

313 2304 420 2364 1010011
444 2295 478 2361 id
502 2294 641 2361 breviter
670 2313 728 2377 pro
753 2300 840 2359 certo
865 2313 985 2376 ponere
1009 2313 1178 2378 possumus
1202 2314 1273 2359 cum
1297 2293 1372 2360 viris
1397 2294 1498 2362 doctis
1523 2293 1757 2378 Callimacbeis,
1782 2301 1911 2359 versata
1935 2312 2008 2358 esse
2032 2312 2072 2358 ca
2096 2297 2127 2356 in

314 2403 455 2488 gentium
479 2401 604 2468 urbium
627 2399 840 2466 institutorum
856 2398 1002 2465 ludorum
1026 2420 1190 2466 sacromm
1206 2401 1382 2484 originibus
1400 2401 1622 2468 describendis
1640 2409 1670 2468 et
1686 2402 1718 2466 in
1734 2400 1841 2467 causis
1858 2420 1967 2467 eorum
1983 2397 2127 2484 appella-

313 2509 411 2578 tionis
444 2507 654 2593 explicandis.
701 2507 749 2573 Ab
779 2507 871 2591 cpicc
902 2513 1010 2573 autem
1036 2528 1155 2591 genere
1181 2507 1265 2572 Αἴτια
1294 2508 1483 2576 Callimachi
1516 2528 1558 2574 ex
1585 2506 1770 2574 Schneideri
1804 2506 2001 2591 temporibus
2034 2526 2127 2572 nemo

314 2619 443 2702 ignorat
459 2617 555 2701 longe
578 2614 678 2681 luisse
695 2614 835 2698 diversa,
864 2614 983 2698 quippe
1007 2634 1091 2698 quac
1113 2635 1178 2682 non
1202 2615 1384 2682 continuum
1409 2635 1490 2700 opus
1514 2622 1632 2694 essent,
1662 2615 1722 2681 sed
1743 2615 1843 2681 series
1867 2613 2063 2698 singulorum
2086 2612 2128 2679 de

315 2725 450 2810 singulis
475 2722 672 2807 argumentis
696 2720 879 2806 carminum,
904 2741 1008 2804 eaque
1033 2741 1095 2786 non
1120 2722 1223 2807 spico,
1248 2721 1307 2788 sed
1332 2723 1478 2806 elegiaco
1502 2730 1603 2789 metro
1627 2723 1816 2806 composita.

477 2850 569 2929 Quae
602 2847 709 2915 omnia
740 2847 856 2931 optimc
889 2846 1050 2930 quadrant
1081 2847 1113 2912 in
1137 2847 1295 2932 Propertii
1326 2848 1492 2914 rationem.
1538 2848 1794 2934 Contemplemur
1819 2847 1965 2932 primum,
1995 2864 2128 2930 quaeso,

309 2959 437 3044 elegiae
457 2959 472 3024 1
491 2979 518 3023 v.
544 2958 692 3022 57-70:
746 2953 1037 3020 animadvertemus
1071 2955 1203 3020 Sextum
1230 2954 1332 3040 ipsum
1361 2955 1507 3040 impense
1537 2975 1572 3022 se
1609 2975 1770 3040 opponere
1795 2953 1899 3019 Ennio
1930 2959 1971 3036 (r.
1997 2956 2038 3018 61
2067 2958 2130 3036 sq.)

311 3075 409 3151 atque
432 3065 526 3130 fateri
550 3083 626 3129 suas
651 3061 735 3129 vires
758 3082 822 3128 non
852 3061 1000 3128 sufficere
1024 3061 1213 3128 adtentum
1238 3082 1329 3148 opus,
1354 3069 1505 3146 quantum
1530 3064 1571 3128 sit
1594 3083 1720 3128 carmen
1745 3067 1879 3146 epicum,
1907 3059 2128 3126 sustinendum

307 3180 348 3257 (v.
373 3177 416 3240 58
441 3178 540 3256 sqq.):

782 3275 832 3360 ,Ei
855 3276 933 3341 mibi
957 3276 1043 3360 quod
1066 3284 1175 3342 nostro
1200 3289 1250 3344 est
1273 3297 1388 3362 parvus
1412 3278 1445 3342 in
1469 3297 1525 3344 cre
1549 3297 1646 3342 sonus

782 3383 848 3448 Sed
872 3391 982 3450 tamen
1006 3383 1123 3467 exiguo
1148 3383 1370 3469 quodcumque
1395 3405 1413 3450 e
1437 3391 1567 3469 pectore
1591 3383 1648 3449 rivi

781 3489 932 3575 Fluxerit,
956 3490 1017 3557 boc
1042 3490 1164 3575 patriae
1187 3491 1306 3558 serviet
1329 3512 1423 3558 omne
1447 3493 1595 3571 meac‘2)

470 3634 581 3716 Quid?
601 3633 687 3719 quod
698 3632 875 3718 respiciens
886 3633 1053 3700 consilinm
1064 3653 1155 3700 sunm
1171 3655 1206 3701 se
1216 3635 1287 3720 ipsc
1297 3636 1467 3721 praedicat
1476 3643 1574 3721 poeta
1586 3637 1773 3720 ,Romanum
1785 3631 2022 3700 Callimachom‘
2034 3655 2058 3699 r.
2069 3635 2113 3698 64

890 3759 1034 3844 ,1111111110
1057 3760 1193 3826 Romani
1218 3761 1325 3846 patria
1349 3760 1562 3828 Callimachi!

474 3886 568 3951 Nunc
584 3885 713 3952 demum
730 3887 782 3952 69.
798 3904 925 3967 quoque
942 3903 1053 3950 versus
1070 3885 1154 3950 0111111
1180 3906 1220 3951 ex
1243 3893 1335 3971 parte
1351 3887 1541 3970 illustratum
1566 3906 1639 3950 nam
1657 3884 1743 3968 quod
1759 3883 1913 3970 promittit
1934 3890 2033 3969 poeta
2056 3903 2126 3949 cun·

308 4001 447 4061 tatarum
482 4013 518 4060 se
551 4013 644 4060 sacra
677 3992 777 4079 dies⁸)
806 3991 1000 4076 cognomina
1030 3993 1138 4077 prisca
1166 3993 1320 4077 locorum,
1352 3993 1370 4060 i.
1396 4015 1423 4059 e.
1456 4013 1570 4059 causas
1603 3991 1716 4060 barum
1739 4012 1853 4075 rerum,
1887 3991 1949 4058 boc
1980 3990 2126 4056 nimirum

311 4101 460 4185 amplecti
478 4103 601 4180 eadem,
627 4121 710 4184 qnae
727 4121 747 4165 a
764 4099 962 4166 Callimacho
980 4099 1102 4184 ,Aetiis‘
1113 4107 1250 4166 tractata
1268 4121 1340 4167 esse
1356 4099 1453 4165 modo
1464 4099 1602 4166 diximus
1618 4106 1818 4182 argumenta,
1844 4099 1960 4164 clarius
1977 4097 2124 4182 elucebit,

310 4206 337 4274 si
363 4207 508 4292 singulas
532 4207 606 4274 illas
639 4207 760 4292 elegias
790 4207 1088 4292 perlustraverimus
1144 4209 1300 4292 Exempla
1330 4215 1436 4274 autem
1470 4208 1571 4293 primo
1598 4208 1709 4273 obtutu
1738 4206 1831 4273 nobis
1855 4212 1985 4290 praesto
2020 4210 2124 4270 erunt:

309 4313 395 4398 quod
419 4313 463 4380 ad
480 4335 574 4380 sacra
591 4317 715 4392 attinet,
742 4313 892 4381 conferas
918 4336 964 4379 ex.
989 4336 1033 4399 gr.
1059 4335 1086 4380 c.
1113 4314 1169 4399 lX,
1195 4320 1236 4382 67
1262 4337 1346 4400 sqq.;
1376 4316 1416 4381 dc
1441 4315 1555 4381 diebus
1579 4315 1670 4380 festis
1695 4313 1732 4380 cl.
1758 4335 1783 4380 0.
1801 4319 1824 4398 l,
1852 4317 1892 4378 19
1909 4332 1972 4396 sqq
1997 4315 2039 4376 ‘25
2064 4332 2124 4396 sq.;

309 4442 336 4488 c.
361 4421 416 4505 lV,
437 4425 573 4506 ussqq.;
597 4420 638 4487 de
651 4422 833 4489 nominibus
848 4421 963 4505 priscis
976 4422 1118 4488 locorum
1143 4421 1182 4488 cf.
1207 4443 1235 4489 c.
1260 4423 1309 4508 113
1334 4443 1359 4488 c.
1376 4423 1435 4506 1V;
1460 4445 1485 4489 c.
1503 4423 1559 4501 IX,
1581 4427 1600 4487 b
1625 4442 1689 4506 sq.;
1717 4424 1756 4487 19
1781 4441 1845 4504 sq.;
1869 4421 2018 4503 21-703
2036 4438 2062 4484 c.
2081 4419 2125 4483 X.

472 4619 491 4686 ¹)
519 4617 678 4686 Hertzberg,
698 4617 738 4672 ed.
761 4620 949 4682 rere-resa
978 4615 1953 4686 1110111101,Ρ111101.10111.ΧΧ1111,Κ.Κ110111101·,1)01101101111111110
1981 4617 2014 4671 V.
2039 4617 2126 4685 capita

310 4721 368 4771 sex,
392 4706 504 4760 Roatoclr
530 4711 612 4772 18823
632 4707 664 4760 It
683 4705 786 4770 Scharl,
816 4705 991 4771 Quaestiunes
1014 4707 1212 4774 Propertianae,
1236 4707 1296 4762 Hal.
1319 4712 1398 4774 18813
1419 4709 1449 4763 G.
1469 4708 1567 4776 Lange,
1595 4709 1628 4760 de
1653 4707 1805 4763 Callimachi
1831 4707 1922 4762 Astiis.
1951 4706 2022 4774 lips,
2049 4711 2124 4761 1882,

470 4811 492 4880 ¹)
520 4815 555 4870 cf.
575 4813 727 4870 Callimach.
747 4813 780 4866 fr.
803 4815 970 4868 16501490
990 4813 1016 4882 (0
1034 4813 1168 4882 Diltbeyc,
1187 4815 1317 4869 Analecta
1335 4815 1434 4874 Callinr.
1455 4833 1479 4884 p.
1500 4822 1515 4870 5
1534 4817 1655 4882 sociatal:

843 4901 919 4974 ,llqt’
944 4903 982 4958 ἀπ’
1008 4905 1069 4972 ἐμιῦ
1089 4905 1179 4974 dedica
1200 4907 1265 4976 μέγα
1285 4907 1433 4976 deplanetur
1453 4905 1543 4976 ἀοιδήν

842 4991 987 5047 'lisaniae‘
1007 4995 1116 5064 βροντᾶν
1136 4994 1184 5048 cha
1203 4995 1273 5062 ἐμὸν,
1295 4995 1361 5048 ἀλλὰ
1380 4993 1457 5054 Διός.ί

471 5099 493 5167 ⁸)
521 5098 603 5156 ,Dies‘
623 5101 761 5154 audaciore
787 5117 851 5154 sane
871 5101 974 5170 figurae
994 5101 1043 5153 11111
1063 5106 1151 5154 aornos
1175 5117 1253 5168 qnam
1277 5105 1433 5170 numenpant
1456 5119 1505 5155 usn
1525 5118 1571 5170 pro
1590 5103 1655 5167 ,dies
1675 5101 1758 5168 festi,
1792 5102 1862 5154 rrotio
1887 5119 1920 5155 ex
1949 5102 2124 5156 antecedente

309 5191 401 5254 ,sacra‘
421 5189 567 5256 repetenda
579 5191 628 5242 cst.
