4930 5978
1246 458 1287 520 18

519 669 564 734 Ao
589 667 724 752 primum
748 667 876 750 quidem
901 668 1086 734 Euandrum
1109 669 1196 754 apud
1221 690 1332 736 omnes
1357 669 1529 754 scriptores
1553 669 1637 734 hauc
1664 668 1807 734 tabulam
1839 668 2015 737 relerentes
2047 672 2173 755 ,quasi

355 777 499 860 primas
516 783 647 858 partes
664 777 812 840 teuere‘
830 795 893 857 quo
911 776 979 840 iure
996 776 1058 841 dici
1079 778 1193 860 possit,
1216 798 1281 842 non
1298 776 1378 843 satis
1394 796 1559 860 assequor.
1599 776 1698 841 lmmo
1716 775 1748 839 in
1765 774 1883 841 totade
1899 796 2008 860 pugna
2025 777 2173 843 Herculis

356 889 389 948 et
406 882 484 947 Caci
501 881 684 946 narratione
708 881 804 964 plane
830 901 1088 965 supervacaneus
1111 889 1160 948 est
1176 883 1227 949 hie
1242 883 1292 949 vir
1307 903 1410 966 neque
1427 883 1469 948 ab
1486 882 1633 948 omnibus
1653 881 1861 967 scriptoribus
1884 881 2093 948 introducitur
2112 883 2172 949 uisi

355 997 444 1073 post
464 989 543 1053 illud
559 987 695 1070 facinus,
717 987 761 1052 ita
776 994 809 1052 ut
824 987 983 1053 Tuerhius
1003 990 1242 1056 enumeratione
1258 1009 1317 1055 sua
1332 990 1439 1073 (,hunc
1456 989 1540 1054 enim
1554 989 1722 1056 Herculem
1739 989 1873 1054 comiter
1889 989 2066 1073 accepisse,
2086 990 2172 1055 Caco

359 1095 527 1161 interfecto
553 1095 683 1161 summis
707 1094 856 1160 laudibus
881 1095 1057 1176 extulisse‘)
1090 1097 1232 1163 ordinem
1257 1116 1315 1162 suo
1340 1097 1495 1162 arbitratu
1518 1102 1660 1161 mutasse
1684 1095 1845 1179 putandus
1874 1095 1924 1160 sit.
1971 1097 2067 1179 Apud
2096 1097 2172 1162 Ver-

360 1203 470 1286 gilium
494 1201 647 1267 Euander
670 1202 716 1266 ita
739 1208 861 1266 tantum
886 1211 1159 1288 commemoratur,
1185 1211 1217 1268 ut
1230 1207 1361 1269 Aeneae
1384 1203 1472 1269 illam
1496 1224 1563 1269 rem
1586 1202 1644 1284 (so.
1670 1202 1748 1267 Caci
1764 1202 1912 1282 caedem)
1931 1211 2075 1269 narret.
2121 1203 2172 1269 De

362 1309 503 1393 hospitio
527 1317 634 1375 autem
662 1308 809 1374 Herculis
833 1319 923 1375 ante
948 1311 1082 1376 caedem
1107 1311 1184 1376 Caci
1208 1310 1293 1377 sacto
1320 1331 1390 1376 cum
1414 1311 1577 1394 Euandro,
1611 1310 1643 1374 in
1667 1310 1756 1376 cuius
1789 1309 1893 1375 locum
1917 1330 1938 1374 a
1961 1310 2171 1394 Propertio

363 1412 483 1482 Cacum
507 1426 654 1481 vocaturn
679 1436 751 1481 esse
775 1415 934 1481 Tuerhius
958 1418 1034 1500 vult,
1065 1438 1168 1501 neque
1193 1419 1280 1502 apud
1304 1417 1478 1501 Vergilium
1501 1437 1604 1500 neque
1629 1417 1716 1502 apud
1739 1416 1866 1482 Livium
1894 1417 2062 1500 quicquam
2086 1416 2172 1482 inve·

357 1523 450 1588 nitur.
494 1521 597 1600 Quid?
617 1523 703 1604 quod
724 1523 901 1608 Dionysius
918 1523 1187 1591 Halicarnasseus
1205 1531 1237 1591 et
1253 1525 1394 1609 Servius,
1419 1525 1473 1608 qui
1489 1525 1661 1608 scriptores
1677 1524 1829 1590 videlicet
1847 1523 1978 1589 suntad
1996 1524 2171 1589 Varronem

355 1628 535 1713 redigendi,
568 1638 661 1694 ante
686 1629 773 1693 illam
800 1629 933 1695 caedem
957 1650 998 1696 ne
1021 1633 1175 1698 nomine
1199 1633 1327 1716 quidem
1351 1639 1460 1699 notum
1486 1631 1584 1697 luisse
1607 1631 1761 1697 Euandro
1785 1632 1956 1702 Herculem
1978 1651 2018 1696 ac
2041 1630 2170 1696 minime

358 1745 449 1801 tunc
482 1735 653 1820 hospitium
687 1737 768 1802 inter
801 1757 857 1802 eos
889 1737 1110 1805 intercessisse
1143 1739 1270 1805 docent.
1323 1739 1499 1824 Dionysius
1529 1739 1613 1804 euim
1637 1739 1905 1804 Halicarnasseus
1932 1736 2031 1802 tradit
2062 1736 2170 1817 1,40:

361 1840 409 1918 ‚Ol
434 1843 467 1904 δὲ
490 1840 660 1928 Ἀβοριγῖνες
683 1842 732 1905 καὶ
755 1849 813 1905 τῶν
836 1839 985 1927 Ἀρκάδων
1009 1846 1035 1908 ot
1058 1845 1091 1908 τό
1116 1844 1297 1910 Παλλάντιον
1325 1851 1536 1921 κατοικοῦντες,
1566 1848 1610 1914 ὡς
1639 1849 1701 1908 τοῦ
1725 1869 1762 1908 τε
1786 1841 1908 1908 Κάκου
1932 1845 1989 1906 τὸν
2014 1844 2170 1906 θάνατον

354 1947 519 2031 ἔγνωσαν
546 1950 596 2011 καὶ
619 1948 668 2011 τὸν
691 1946 841 2033 Ἡρακλέα
865 1949 952 2024 εἶδον,
984 1956 1028 2036 τῷ
1052 1953 1104 2036 μὲν
1128 1953 1332 2037 ἀπεχθόμενοι
1350 1953 1398 2017 διὰ
1418 1953 1468 2022 τὰς
1487 1951 1631 2035 ἁρπαγὰς,
1656 1955 1707 2015 τοῦ
1728 1953 1760 2014 δὲ
1779 1953 1830 2034 τὴν
1850 1949 1915 2035 όψιν
1938 1948 2171 2033 ἐκπαγλούμενοι

358 2055 439 2119 θεῖόν
475 2080 500 2118 τι
534 2061 637 2140 χρῆμα
668 2055 806 2140 ἐνόμισαν
838 2057 940 2140 ὁρᾶν.
966 2104 974 2119 .
1000 2104 1041 2120 ..
1082 2059 1168 2140 ἧκον
1207 2061 1244 2122 δὲ
1282 2061 1313 2122 ol
1347 2061 1507 2144 βασιλεῖς
1540 2058 1655 2121 αὐτῶν
1690 2059 1744 2121 ἐπὶ
1778 2057 1871 2127 Εένια
1904 2058 1962 2119 τὸν
1995 2053 2171 2140 Ἡρακλέα

357 2166 568 2231 καλοῦντες.
615 2161 673 2231 Ὡς
703 2163 740 2224 δὲ
773 2163 831 2225 καὶ
860 2161 1016 2248 τοῦνομα
1047 2166 1105 2227 καὶ
1132 2165 1170 2228 τὸ
1194 2165 1296 2248 γένος
1325 2165 1432 2228 αὐτοῦ
1461 2165 1519 2228 καὶ
1548 2165 1608 2234 τὰς
1634 2165 1777 2249 πράξεις
1801 2161 1996 2233 διεξιόντος
2019 2159 2170 2246 ἔμαθον,

353 2269 530 2354 ἐνεχείριζον
560 2267 641 2352 αὐτῷ
669 2269 719 2352 τήν
747 2292 779 2330 τε
808 2270 911 2354 χώραν
941 2272 990 2333 καὶ
1023 2275 1100 2356 σφᾶς
1131 2271 1236 2342 αὐτοὺς
1270 2274 1316 2336 ἐπὶ
1354 2273 1446 2358 φιλίᾳ.
1511 2269 1663 2356 Εὔανδρος
1695 2273 1829 2336 bb...
1865 2270 1992 2353 ἐπειδὴ
2018 2270 2171 2354 τάχιστα

353 2375 446 2445 ὅστις
469 2375 507 2460 ἦν
531 2374 697 2452 ἐπύθετο,
722 2376 836 2458 φθάσαι
856 2375 1033 2462 βουλόμενος
1052 2377 1182 2448 ἅπαντας
1202 2379 1374 2464 ἀνθρώπους
1397 2377 1549 2464 Ἠρακλέα
1570 2377 1649 2442 θεῶν
1665 2381 1760 2461 τιμαῖς
1775 2383 1889 2461 πρῶτος
1905 2374 2088 2459 ἱλασάμενος’
2107 2378 2169 2438 κτλ.

356 2484 403 2547 Ae
441 2483 581 2566 Servius,
621 2503 715 2565 quem
757 2489 856 2546 totum
897 2503 969 2548 esse
1007 2484 1039 2548 in
1081 2486 1231 2552 Varronis
1268 2487 1428 2552 thesauris
1468 2484 1725 2568 archaeologicis
1762 2485 1794 2547 in
1835 2483 1970 2548 obscuro
2009 2502 2073 2547 uon
2110 2487 2168 2558 est,

353 2589 458 2674 planis
482 2588 589 2654 verbis
616 2589 723 2673 prodit
745 2589 789 2654 ad
812 2591 890 2656 Aen.
922 2590 1004 2674 Vlll,
1035 2593 1118 2658 269:
1153 2592 1257 2674 ,Unde
1282 2593 1378 2658 etiam
1403 2591 1557 2658 Hercules
1581 2591 1702 2676 primo
1726 2610 1802 2655 nou
1826 2597 1884 2654 est
1912 2591 1961 2655 ab
1990 2587 2169 2654 Euandro

353 2704 586 2780 susceptum
620 2702 762 2779 postea
792 2717 882 2762 vero
914 2717 984 2761 oum
1013 2718 1049 2763 se
1078 2705 1111 2764 et
1134 2700 1219 2766 lovis
1251 2700 1350 2764 tilium
1385 2699 1521 2764 dixisset
1553 2707 1586 2764 et
1617 2706 1740 2763 morte
1773 2696 1866 2763 (laci
1898 2697 2045 2761 virtutem
2078 2713 2169 2761 suam

353 2803 536 2886 probasset,
562 2810 594 2868 et
617 2809 785 2886 susceptus
809 2812 841 2868 et
864 2823 921 2886 pro
945 2805 1073 2871 numine
1096 2806 1225 2872 habitus
1249 2808 1317 2872 est‘
1364 2806 1470 2871 Etiam
1495 2804 1606 2870 Livius
1631 2803 1761 2869 exhibet
1784 2804 1810 2886 l,
1836 2808 1870 2867 7:
1905 2802 2068 2886 ,Euander
2092 2851 2100 2866 .
2126 2851 2133 2866 .
2160 2851 2167 2866 .

352 2918 561 2994 postquam
594 2909 753 2975 facinus
789 2910 868 2992 (soil.
893 2911 1026 2977 eaedem
1056 2913 1146 2992 Caci)
1178 2913 1447 2996 facinorisque
1473 2933 1625 2978 causam
1654 2911 1879 2976 audivit..
1906 2961 1923 2994 .,
1952 2909 2080 2993 rogitat,
2115 2908 2167 2991 qui

352 3018 400 3081 vir
429 3023 516 3081 esset
538 3017 617 3096 (scil.
641 3017 819 3103 Hercules).
866 3017 929 3084 Ubi
953 3039 1068 3085 nomen
1093 3028 1280 3105 patremque
1305 3041 1344 3086 ao
1366 3021 1504 3105 patriam
1529 3019 1664 3102 accepit‘
1689 3038 1716 3083 e.
1727 3038 1756 3101 q.
1768 3038 1793 3082 s.
1840 3018 1953 3100 ltaque
1976 3023 2067 3100 post
2090 3015 2168 3080 illud

352 3124 472 3188 factum
498 3123 624 3188 demum
659 3124 827 3189 Herculem
853 3126 894 3189 ab
924 3125 1076 3192 Euandro
1101 3127 1233 3192 comiter
1256 3135 1419 3211 receptum
1452 3147 1525 3192 esse
1558 3127 1609 3191 rel
1643 3124 1834 3191 caecutienti
1867 3125 2037 3190 elucescet.
2085 3122 2168 3200 Quin

355 3231 452 3295 etiam
476 3230 559 3294 alios
584 3230 766 3314 scriptores,
796 3251 875 3314 quos
901 3233 1053 3297 Varronis
1077 3234 1270 3317 sapientiam
1294 3254 1409 3319 sapere
1434 3241 1486 3299 sat
1509 3239 1644 3318 constat,
1676 3253 1717 3297 ne
1741 3231 1881 3316 bospitio
1915 3229 2043 3314 quidem
2076 3235 2168 3313 post

355 3338 432 3403 Caci
456 3357 568 3403 necem
592 3337 675 3403 inter·
698 3339 867 3403 Herculem
892 3347 924 3403 et
951 3339 1136 3405 Euandrum
1164 3341 1251 3407 sacto
1282 3342 1412 3406 nimium
1439 3341 1592 3426 ponderis
1622 3339 1771 3404 tribuisse
1803 3358 1983 3420 nomenque
2014 3335 2167 3418 Euandri,

355 3445 437 3509 sicut
460 3443 670 3528 Propertium,
695 3445 822 3509 silentio
847 3445 1040 3529 praeterisse
1065 3447 1128 3511 iam
1153 3448 1331 3532 apparebit.
1364 3449 1487 3513 Primus
1505 3447 1655 3512 audiatur
1671 3446 1881 3522 Macrobiusl)
1903 3443 2043 3531 (Satura.
2061 3445 2085 3527 Ι,
2106 3446 2168 3526 12),

353 3552 406 3635 qui
441 3552 635 3616 Varronis
668 3552 795 3617 nomine
819 3554 916 3636 paulo
941 3561 1015 3619 ante
1039 3556 1171 3620 laudato
1202 3555 1300 3621 relert
1322 3556 1419 3622 baec:
1449 3555 1609 3638 ‚Mulieres
1633 3555 1665 3619 in
1689 3553 1785 3618 ltalia
1809 3572 1901 3618 sacro
1926 3551 2072 3616 Herculis
2105 3570 2169 3616 non

352 3659 428 3725 licet
450 3660 617 3742 interesse,
652 3659 727 3741 quia
752 3660 891 3744 Herculi,
923 3681 993 3726 cum
1016 3663 1118 3728 bores
1142 3662 1302 3746 Geryonis
1326 3683 1384 3747 per
1407 3683 1504 3746 agros
1537 3661 1651 3727 ltaliae
1681 3661 1823 3742 doceret,
1852 3659 1971 3723 sitienti
2002 3657 2169 3742 respoudit

352 3766 496 3831 mulier.
522 3816 529 3831 .
555 3815 562 3830 .
588 3767 721 3850 Propter
749 3767 833 3848 qnod
866 3767 1020 3834 Hercules
1051 3767 1193 3834 facturus
1222 3789 1348 3834 sacrum
1382 3769 1560 3837 detestatus
1594 3777 1644 3834 est
1674 3767 1890 3852 praesentiam
1923 3765 2112 3830 feminarum
2136 3768 2168 3829 et

354 3872 472 3937 Potitio
496 3893 536 3938 ac
559 3873 688 3938 Pinario
713 3894 875 3939 sacrorum
900 3875 1085 3941 custodibus
1109 3877 1210 3960 iussit,
1234 3897 1275 3942 ne
1300 3877 1448 3943 mulieres
1472 3877 1627 3942 interesse
1651 3875 1891 3960 permitterent!
1938 3872 2046 3937 Nihilo
2062 3871 2168 3937 secius

358 3986 445 4044 tacet
469 3978 510 4045 de
534 3979 687 4045 Euandro
720 3980 835 4046 Festus
866 3981 908 4065 (p.
933 3985 997 4047 237
1022 3983 1094 4068 M.):
1127 3984 1287 4066 ,Potitium
1317 3993 1348 4048 ct
1378 3983 1540 4049 Pinarium
1572 3983 1737 4066 Hercules,
1771 4002 1841 4047 cum
1875 3979 1918 4045 ad
1951 3999 2051 4062 aram,
2085 3997 2169 4062 quae

356 4086 517 4169 hodieque
541 4087 682 4151 maxima
714 4088 905 4172 appellatur,
940 4090 1097 4156 decimam
1130 4092 1258 4174 bovum,
1292 4111 1372 4174 quos
1396 4111 1417 4155 a
1440 4090 1590 4174 Geryone
1623 4088 1780 4154 abductos
1813 4087 1968 4169 abigebat
1999 4086 2104 4168 Argos
2136 4085 2169 4150 in

353 4193 504 4278 patriam,
544 4195 760 4277 profanasset,
795 4216 897 4278 genus
930 4197 1078 4262 saerifioii
1117 4199 1265 4264 edocuit‘
1321 4197 1415 4263 Adde
1449 4197 1536 4280 quod
1568 4197 1751 4279 scriptores,
1784 4194 1837 4276 qui
1869 4193 2013 4258 tabulam
2045 4191 2170 4276 plenius

360 4308 560 4384 enarrarunt,
595 4301 628 4365 id
652 4303 788 4384 variant,
819 4312 852 4366 ut
875 4303 928 4367 alii
954 4306 1000 4369 ab
1025 4305 1115 4388 ipso
1139 4305 1317 4371 Hercule
1350 4307 1447 4370 Aram
1471 4304 1645 4369 Maximam
1676 4302 1755 4368 sihi
1787 4300 2002 4383 constitutam,
2036 4298 2092 4364 alii
2122 4297 2169 4362 ab

352 4406 542 4471 Euandro
567 4407 729 4473 conditam
753 4429 853 4490 aram,
892 4411 933 4476 ab
958 4411 1095 4477 Hercule
1119 4420 1242 4477 tantum
1266 4412 1401 4478 Potitios
1434 4432 1473 4477 ac
1505 4410 1652 4475 Pinarius
1685 4407 1872 4474 sacerdotes
1904 4405 2064 4472 institutos
2097 4423 2169 4469 esse

351 4513 498 4598 tradant,
535 4513 572 4581 ot.
605 4514 792 4600 Hertzberg.
820 4516 871 4582 ed.
903 4523 976 4583 tom.
1005 4519 1053 4582 lll
1082 4540 1113 4603 p.
1144 4521 1208 4585 486
1240 4540 1286 4603 sq.
1336 4519 1466 4597 Quare
1497 4516 1629 4584 Tuerkii
1659 4516 1700 4581 de
1730 4515 1883 4580 Euandro
1913 4513 2011 4598 ,apud
2035 4531 2170 4576 omnes

352 4620 524 4704 scriptores
541 4621 632 4704 quasi
646 4622 767 4705 primas
786 4627 905 4708 partes‘
919 4632 1049 4692 tenente
1073 4627 1252 4692 sententiae
1277 4625 1363 4710 quod
1380 4627 1525 4692 restabat
1545 4624 1743 4690 frmdamenti
1764 4621 1967 4688 subtrabitur.
2006 4618 2111 4701 Atque
2130 4655 2167 4667 -

354 4725 388 4790 id
422 4726 552 4793 adicere
587 4748 707 4812 operae
742 4731 801 4795 erit
834 4732 970 4815 pretium
1005 4771 1043 4781 —
1081 4753 1152 4798 cum
1190 4734 1375 4818 Propertius
1406 4732 1662 4817 superiorem
1695 4730 1852 4796 rationem
1884 4733 2011 4791 secutus
2044 4726 2086 4790 sit
2118 4725 2172 4808 (cf.

360 4833 547 4918 Hertzberg.
572 4835 591 4902 l.
616 4836 658 4922 l),
683 4836 809 4902 Livium
835 4859 925 4904 suum
948 4839 1108 4906 Tuerkius
1132 4841 1274 4905 inveniet
1297 4841 1329 4904 in
1357 4860 1489 4905 numero
1519 4859 1638 4922 eorum,
1668 4838 1721 4921 qui
1745 4836 1886 4902 fabulam
1915 4832 1956 4898 de
1986 4832 2172 4898 Euandro

350 4942 435 5006 Arae
459 4940 622 5008 Maximae
646 4944 811 5012 conditore
835 4947 1076 5013 adamaverunt.

510 5084 530 5150 ¹)
558 5083 599 5136 De
618 5085 751 5139 Maenrbio
774 5087 998 5142 Varronianorunr
1029 5091 1199 5158 vestigiorum
1225 5089 1302 5158 pleno
1331 5091 1365 5142 ci.
1386 5089 1415 5140 e.
1435 5089 1575 5154 Wissorrn,
1599 5085 1640 5138 De
1658 5083 1787 5138 Marrubii
1807 5081 2015 5136 Satrrmnliorumr
2042 5077 2170 5147 lontibus,

348 5171 489 5226 Vratislav.
520 5178 597 5230 1880.
2126 5165 2131 5172 ’
