4930 5978
1179 411 1336 506 Α.-.

347 625 415 685 tam
439 638 556 703 graves
585 625 668 702 suut,
701 627 736 685 ut
763 619 796 684 iu
819 619 981 704 plerisque
1006 620 1197 686 dubitationi
1220 621 1326 686 locum
1359 642 1423 687 non
1455 622 1619 706 reliquerit
1652 631 1684 690 et
1716 625 1869 693 nonnulla
1902 625 1944 691 ab
1972 624 2097 696 esium
2124 647 2167 693 ex

348 726 442 792 Livio
467 725 511 790 ad
534 745 673 809 unguem
697 726 843 792 delibata
867 747 939 792 esse
963 737 1050 793 recte
1075 726 1139 792 dici
1162 727 1273 811 possit.
1324 727 1448 806 Quodsi
1471 729 1703 814 Propertiunae
1727 750 1797 796 eum
1824 730 1916 798 Livio
1940 731 2167 802 similitudines

348 851 453 916 aeque
468 839 577 898 essent
592 841 800 917 comparatae
818 840 915 916 utque
932 832 1124 916 Ovidicnee,
1142 833 1186 898 nil
1203 834 1426 918 impugnarem
1443 836 1626 902 Tuerkium.
1656 838 1779 903 Atcum
1791 836 1911 903 talibus
1921 837 2051 904 minime
2063 839 2167 923 possit

347 939 440 1004 inniti
470 935 683 1022 adminiculis,
709 939 844 1004 futtilem
868 959 940 1005 esse
964 939 1181 1024 vacillareque
1206 940 1275 1006 eius
1299 941 1491 1008 sententiam
1516 942 1558 1009 de
1581 942 1720 1009 Liviana
1743 944 1934 1011 auctoritate
1958 945 1991 1010 in
2003 944 2167 1029 Propertii

347 1044 541 1112 carminibus
565 1047 694 1112 obviam
718 1067 754 1112 se
778 1046 887 1130 dante,
911 1047 1025 1130 quovis
1049 1047 1184 1131 pignore
1208 1049 1443 1134 contendem.²)

506 1171 650 1237 Tametsi
673 1171 770 1254 igitur
793 1171 827 1236 id
850 1171 1061 1255 ettotoritatis,
1086 1172 1172 1255 quod
1197 1173 1356 1237 'luerlrius
1380 1172 1411 1238 ei
1436 1172 1596 1256 surripuit,
1621 1172 1724 1257 ipsum
1741 1193 1867 1258 quoque
1885 1173 2021 1244 Varroni
2036 1175 2165 1242 restitui

346 1285 463 1363 potest,
486 1284 594 1344 tumen
617 1279 802 1363 priusquam
819 1279 891 1344 huic
907 1299 1000 1344 meae
1017 1277 1316 1362 quantulaecunque
1332 1280 1461 1363 opellae
1484 1279 1580 1346 finem
1595 1280 1768 1363 imponam,
1792 1280 1906 1347 iterum
1928 1288 2026 1364 atque
2049 1280 2163 1348 iterum

347 1391 448 1450 totam
472 1383 513 1450 de
537 1385 681 1450 Varrone
710 1385 869 1469 Propertii
893 1392 1024 1452 auctore
1058 1385 1309 1469 disputationem
1341 1385 1373 1450 in
1397 1387 1459 1453 hac
1492 1386 1669 1452 carminum
1701 1387 1908 1471 paucitate
1940 1407 2007 1454 nou
2028 1386 2165 1454 demun-

347 1491 511 1558 stratiouis
539 1492 777 1576 necessitatem,
811 1492 870 1559 sed
900 1493 1162 1577 probabilitatem
1192 1481 1412 1560 tautummodo
1441 1493 1645 1560 coniecturae
1671 1493 1920 1577 praeseferre
1945 1513 2165 1578 posseasse·
2206 1573 2208 1578 ,

345 1618 459 1665 verare
482 1599 585 1664 velim.
632 1598 735 1664 Certi
759 1599 908 1682 equidem
930 1599 1009 1665 nihil
1034 1607 1066 1665 ut
1089 1601 1122 1664 iu
1146 1621 1180 1666 rc
1203 1600 1378 1667 admodum
1401 1600 1524 1666 lubrica
1547 1607 1580 1665 et
1603 1599 1703 1665 dubia
1725 1599 1852 1667 firmare
1876 1601 1988 1668 ausim.

508 1848 528 1914 ¹)
548 1847 713 1916 Quicumque
732 1849 765 1902 de
784 1847 969 1902 dissertatione
989 1849 1045 1902 eius
1064 1849 1190 1903 iudicium
1209 1849 1340 1918 quondam
1360 1847 1479 1902 tulerunt
1496 1847 1547 1900 riri
1558 1847 1637 1915 docti,
1650 1845 1757 1901 Tuerlrii
1773 1847 1806 1900 de
1821 1847 1897 1900 Livio
1905 1847 2036 1916 Propertii
2054 1848 2161 1902 auctore

346 1936 516 2004 sententiam,
536 1939 627 2005 utpote
647 1953 695 2004 per
718 1953 747 1991 se
770 1953 864 2006 perum
883 1936 1053 1991 verisimilem
1083 1952 1171 2005 neque
1190 1937 1278 2005 eliqua
1296 1937 1497 2006 argumentandi
1518 1936 1678 1989 necessitate
1696 1936 1790 2002 nisam,
1810 1935 1995 2004 exploserunt:
2015 1936 2084 2004 quod
2103 1935 2160 1990 iure

347 2040 393 2078 sos
408 2025 509 2079 iecisse
528 2024 597 2079 haud
615 2025 670 2078 seio
689 2041 723 2078 au
742 2025 794 2080 iam
813 2027 848 2080 sit
867 2025 1014 2094 probatum.
