4930 5978
1205 441 1223 502 7

302 651 383 717 Eine
406 649 573 735 poetische
607 650 780 735 Periegesc
814 650 873 717 der
895 650 993 717 Stadt
1016 650 1124 718 wollte
1148 671 1183 717 er
1206 650 1357 734 liefern“;
1385 651 1423 716 ef.
1446 658 1520 716 tom.
1538 650 1563 734 Ι,
1588 671 1618 734 p.
1643 651 1725 736 XV),
1752 657 1783 716 et
1807 651 1933 734 primo
1957 651 2050 717 loco
2075 650 2116 716 de

304 757 451 843 ,Causis‘,
478 756 697 843 ,Originibus‘,
722 757 858 842 ‚hstiis‘,
875 757 1090 843 ,aetiologicis
1107 758 1312 825 carminibus‘
1336 757 1495 841 cogitetur
1510 757 1687 824 rationibus
1710 756 1806 823 modo
1828 757 1963 842 prolatis
1985 778 2120 825 necesse

302 864 380 930 mihi
402 864 559 931 ridetur.¹

464 870 617 1020 Talia)ut
650 959 846 1038 contexeret,
880 954 1048 1040 Lynceum
1071 954 1209 1022 amioum
1234 954 1377 1022 saucium
1401 953 1472 1038 ipsc
1492 953 1682 1022 adhortatus
1702 959 1773 1020 erat
1794 954 1865 1039 (ΙΙΙ,
1883 956 1935 1034 32,
1956 954 2023 1038 32),
2049 974 2119 1020 cum

306 1060 336 1127 ei
359 1060 521 1146 suaderet,
555 1067 590 1126 ut
612 1060 789 1128 imitaretur
822 1081 897 1146 ,non
919 1061 1022 1129 inflati
1046 1063 1171 1129 somnia
1196 1061 1404 1129 Callimachi'.
1453 1059 1524 1138 Quo
1552 1061 1625 1128 loco
1655 1060 1730 1145 quin
1759 1061 1906 1146 ,somnia‘
1937 1059 1979 1127 de
2009 1059 2118 1125 Αἰτίων

302 1167 393 1234 libris
409 1167 652 1254 interpretanda
668 1168 741 1255 sint,
757 1168 812 1235 rix
828 1169 888 1236 crit
904 1169 1008 1252 quiin
1028 1169 1261 1236 dubitationem
1282 1189 1401 1236 vocare
1422 1169 1514 1254 velit;
1539 1167 1578 1236 of.
1595 1169 1785 1253 Hertaberg,
1806 1168 1937 1247 Quaest.
1962 1169 2118 1254 Propertt.

302 1295 335 1360 p.
362 1277 425 1341 195
445 1295 514 1359 sqq.

465 1383 544 1449 ltem
570 1383 727 1469 Propertii
755 1383 823 1450 sera
849 1390 958 1450 aetate
981 1383 1125 1450 Graecos
1153 1384 1310 1468 quosdam
1332 1391 1447 1470 poetas
1468 1382 1502 1448 in
1526 1383 1662 1468 ,Causas
1685 1383 1859 1449 Romanas
1879 1382 2119 1468 componendas

304 1488 477 1556 contulisse
489 1489 717 1574 ‚studiumsiue
733 1490 831 1557 divite
843 1492 937 1558 vcna‘
952 1492 1046 1559 nobis
1061 1512 1125 1559 non
1136 1490 1392 1558 obliviscendum
1409 1497 1469 1558 est.
1504 1491 1600 1557 Velut
1615 1488 1804 1556 Plutarchus
1812 1489 1879 1572 (rit.
1889 1490 2016 1556 Romuli
2026 1511 2053 1556 c.
2065 1493 2120 1571 21)

306 1595 401 1663 affert
424 1595 545 1663 Butae
570 1595 684 1681 ,Αἰτίας
707 1599 855 1683 μυθώδεις
878 1599 908 1662 ἐν
932 1599 1071 1682 ἐλεγείοις
1093 1600 1159 1685 περὶ
1181 1605 1239 1663 τῶν
1262 1596 1466 1684 ‘Popatabu‘
1497 1596 1704 1682 Agathylli
1722 1617 1849 1681 quoque
1865 1596 1978 1664 similis
1994 1597 2119 1664 consilii

304 1723 384 1789 opus
407 1711 637 1770 commemorat
660 1704 755 1771 Dion.
781 1705 855 1773 Hal.
871 1705 1038 1790 Antiquitt.
1063 1707 1150 1772 Rom.
1172 1706 1197 1790 l,
1218 1710 1271 1772 49.
1319 1706 1432 1789 Neque
1461 1705 1548 1789 quod
1571 1724 1681 1771 eorum
1705 1724 1806 1789 opera
1829 1703 1967 1770 citantur
1989 1705 2118 1787 ἐλεγεῖα,

305 1817 413 1896 potest
455 1811 567 1877 mimm
610 1811 731 1879 hahere
764 1832 854 1898 eum,
901 1813 956 1896 qui
987 1813 1177 1880 Callimachi
1221 1811 1305 1877 Αἴτια
1347 1833 1412 1878 uon
1443 1832 1517 1878 raro
1557 1810 1672 1878 eodem
1706 1811 1797 1877 titulo
1846 1810 2021 1895 significari
2059 1811 2120 1878 soit

302 1917 360 2004 (of.
386 1917 564 1985 Schneider
586 1917 710 1985 Callim.
736 1919 777 2005 ΙΙ,
801 1941 831 2006 p.
851 1923 917 1986 214
941 1941 1023 2006 sqq.;
1047 1921 1180 2006 Dilthey
1206 1919 1246 1987 de
1266 1919 1413 2005 Cydippe
1436 1940 1467 2005 p.
1491 1923 1533 1985 74
1557 1921 1647 2003 sqq).
1686 1918 1795 1985 Tertio
1812 1919 1884 1984 loco
1905 1917 2118 1985 nominandus

303 2031 354 2090 est
376 2024 560 2110 Simylus,
589 2025 630 2091 de
655 2047 717 2110 quo
741 2026 858 2094 audias
881 2028 1032 2095 hicineke
1056 2029 1138 2094 Hist.
1164 2028 1232 2095 crit.
1258 2028 1369 2094 comic.
1392 2034 1490 2112 poett.
1513 2025 1615 2111 praef.
1639 2047 1670 2112 p.
1699 2026 1768 2093 XV.
1796 2027 1913 2092 Verum
1942 2025 2118 2093 Graeculos

302 2130 376 2198 illos
400 2153 512 2199 omnes
536 2153 610 2200 esse
633 2154 774 2218 magnae
798 2135 1025 2219 neglegentiae
1050 2134 1173 2202 crimini
1197 2135 1356 2202 obnoxios
1379 2136 1439 2201 suh
1462 2133 1569 2201 iudice
1592 2154 1656 2199 uon
1680 2140 1740 2218 est,
1764 2153 1868 2217 neque
1887 2133 2044 2199 hahemus
2064 2153 2120 2200 cur

302 2238 435 2305 horum
458 2247 635 2325 poetarum,
669 2240 723 2323 qui
747 2240 877 2325 quidem
906 2248 938 2308 at
960 2249 1069 2309 aetate
1094 2250 1126 2309 et
1149 2243 1345 2327 argumentis
1369 2242 1400 2308 ei
1424 2241 1591 2327 propiores
1616 2247 1717 2326 erant,
1751 2260 1828 2307 non
1862 2239 2119 2306 Callimachi

303 2345 451 2430 exemplo
474 2366 567 2413 usum
590 2366 663 2414 esse
688 2348 820 2414 Sextum
844 2348 1023 2416 credamus.
1064 2350 1163 2416 lmmo
1188 2350 1216 2417 si
1239 2351 1347 2434 plures
1372 2355 1579 2434 superessent
1603 2367 1712 2414 eorum
1734 2347 1902 2431 reliquiae,
1928 2347 2063 2415 consilio
2086 2353 2119 2414 et

302 2453 426 2520 ratione
451 2454 499 2520 eis
522 2453 729 2522 adversatum
753 2476 826 2522 esse
850 2464 992 2524 nostrum
1015 2457 1151 2524 forsitan
1178 2478 1276 2542 posse
1305 2455 1518 2524 demonstrari
1541 2454 1628 2521 haud
1663 2454 1772 2537 inique
1799 2454 1894 2521 nobis
1921 2454 2117 2536 persuadere

303 2560 410 2628 studet
433 2560 628 2629 Kirahnerus
652 2563 688 2650 (l.
712 2563 733 2628 l.
757 2584 790 2648 p.
816 2568 879 2644 77).
928 2564 1019 2643 Quae
1043 2571 1107 2630 iam
1131 2585 1194 2632 nou
1220 2571 1270 2631 est
1293 2564 1379 2649 quod
1402 2564 1545 2650 pluribus
1568 2582 1806 2648 persequamur.

463 2670 650 2754 ,Causas‘
680 2669 776 2755 igitur·
808 2676 975 2738 teneamus
999 2692 1073 2740 esse
1105 2671 1178 2739 illas
1209 2672 1366 2758 Propertii
1398 2671 1563 2756 elegias2),
1587 2669 1779 2754 regionatim
1809 2707 1848 2718 -
1886 2669 1932 2734 nil
1969 2669 2118 2753 equidem

305 2795 449 2860 repugno
469 2813 505 2824 -
525 2776 713 2862 dispositas,
735 2798 775 2843 ox
793 2778 982 2846 Callimachi
998 2781 1146 2864 exemplo
1163 2787 1262 2865 ortas,
1286 2780 1476 2846 Maecenate
1491 2777 1630 2845 fortasse
1640 2777 1832 2844 adhortante
1853 2775 1907 2859 (oi.
1931 2776 2117 2843 Buecheler.

303 2882 385 2948 Mus.
408 2882 551 2951 Rhenan.
575 2890 651 2950 tom.
678 2885 829 2970 XXXVI,
853 2906 885 2971 p.
911 2889 976 2952 336
996 2891 1068 2972 sq),
1092 2893 1200 2972 atque,
1225 2887 1311 2972 quod
1336 2886 1414 2952 mihi
1436 2885 1564 2970 quidem
1588 2886 1763 2971 probarunt
1785 2883 1845 2950 viri
1869 2882 1954 2951 docti
1978 2884 2011 2949 in
2034 2884 2118 2950 hano

303 2989 494 3055 sententiam
524 2991 727 3076 inclinantes,
759 2999 913 3076 provecta
940 2993 1005 3060 iam
1023 2999 1184 3080 aetate⁸);
1211 2995 1282 3080 ipsc
1305 3015 1421 3079 nempe
1450 2999 1549 3079 pocta
1577 2991 1741 3077 grandiori
1769 2991 1869 3058 aetati
1897 2989 1986 3056 aliud
2015 3010 2118 3075 genus

301 3097 411 3179 poesis
434 3104 631 3184 reservarat,
654 3098 695 3165 cl.
720 3099 778 3184 Ill,
805 3106 834 3183 1,
861 3107 879 3167 7
903 3121 964 3185 sq:

728 3208 839 3292 ‚Aetas
862 3208 966 3294 prima
989 3215 1087 3275 canat
1111 3210 1264 3294 Veneres,
1289 3214 1433 3275 extrema
1455 3207 1625 3292 tumultus;

728 3313 822 3381 Bella
844 3336 971 3401 canam,
995 3316 1124 3400 quando
1149 3316 1268 3401 scripta
1291 3315 1400 3402 puella
1423 3335 1497 3382 mea
1521 3316 1589 3380 est‘

462 3417 529 3485 Sed
553 3420 682 3486 tametsi
716 3440 836 3504 genus
870 3422 980 3490 horum
1023 3424 1197 3491 carminum
1241 3423 1440 3491 Callimacho
1475 3439 1533 3488 suo
1581 3420 1689 3506 debet,
1737 3424 1845 3486 tamen
1887 3426 2117 3504 argumenta

304 3525 469 3591 Aetiorum
485 3525 774 3594 Callimacheorum
791 3530 969 3614 exprimere
985 3552 1050 3599 non
1069 3532 1213 3618 potuisse
1234 3531 1434 3617 Propertium
1454 3529 1488 3595 in
1503 3529 1674 3614 propatulo
1691 3533 1750 3613 cst,
1775 3547 1846 3594 curn
1866 3526 2117 3593 Alexandrinum

300 3631 388 3697 illum
425 3639 555 3718 poetam
584 3634 757 3727 Graecas
788 3643 946 3706 tractasse
976 3637 1104 3706 fabulas
1138 3645 1271 3707 constet.
1319 3637 1478 3717 Quocirca
1502 3642 1611 3703 nostro
1636 3633 1778 3702 adeundi
1807 3641 1898 3701 amnt
1932 3634 2115 3720 scriptores,

300 3739 352 3822 qui
385 3739 640 3807 Romanarum
674 3743 897 3826 antiquitatum
935 3747 1082 3813 notitiam
1115 3747 1380 3832 explanaverunt.
1437 3744 1499 3823 Qui
1529 3764 1606 3810 vero
1636 3742 1754 3808 fuerint
1786 3742 1833 3806 illi
1866 3741 2049 3827 scriptores,
2083 3741 2114 3806 in

301 3844 363 3912 hac
385 3847 551 3931 paucitate
575 3849 753 3933 elegiarum
776 3871 856 3918 sune
872 3851 1094 3920 difficillimum
1119 3859 1168 3921 est
1191 3854 1372 3921 enucleare.
1418 3853 1524 3935 Atque
1539 3849 1624 3918 hano
1640 3849 1871 3934 quaestionem,
1896 3869 1992 3933 quam
2016 3854 2115 3915 antea

301 3972 409 4037 paene
433 3975 497 4022 non
521 3955 695 4040 tetigerant
723 3957 783 4024 viri
811 3958 941 4046 docti4),
969 3961 1090 4046 primus
1119 3961 1299 4028 accuratius
1327 3958 1528 4044 perpendere
1557 3964 1691 4025 conatus
1720 3963 1770 4024 est
1797 3956 1963 4022 Mauritius
1987 3955 2116 4022 'Puerh

299 4059 537 4142 dissertatione,
555 4084 638 4148 quae
648 4065 741 4132 Halis
751 4067 871 4150 prodiit
881 4089 912 4134 a.
924 4068 955 4133 h.
978 4089 1005 4136 s.
1031 4071 1084 4155 sb,
1109 4089 1205 4153 quarn
1225 4066 1402 4152 inscripsit:
1426 4067 1487 4151 ,De
1497 4064 1654 4151 Propertii
1670 4064 1844 4132 carminum
1855 4083 1938 4147 quae
1953 4062 2115 4149 pertinent

299 4165 343 4232 ad
366 4169 589 4253 antiquitatem
612 4173 792 4240 Romanam
816 4175 1021 4243 auotoribua‘.
1070 4177 1143 4256 Qua
1176 4175 1404 4243 dissertatione
1428 4173 1579 4258 egregias
1602 4171 1739 4256 Augusti
1765 4170 1891 4237 Ottonis
1915 4171 1976 4256 ,De
1995 4168 2113 4236 fabulis

383 4315 397 4332 ⁸
459 4329 480 4386 Ἰ
505 4329 737 4399 Heydenreichius
765 4351 877 4404 quoque,
910 4337 985 4391 ouius
1008 4337 1125 4390 strenuis
1152 4336 1223 4390 ouria
1241 4334 1423 4404 Propertiunis
1447 4349 1540 4387 omnes
1557 4330 1718 4402 pennultrmr
1736 4331 1873 4398 dehemus,
1901 4329 1968 4384 haec
1995 4330 2115 4383 carmina

298 4418 389 4486 utique
408 4421 486 4473 vocat
504 4419 684 4490 ,aetiologicat
723 4424 769 4492 (ol.
789 4425 916 4481 Zalischr.
936 4427 955 4482 f.
970 4425 1217 4494 Gymnasialwesan
1239 4429 1315 4492 1899,
1334 4441 1360 4492 p.
1380 4428 1433 4478 225
1451 4423 1502 4493 sq.)

458 4526 480 4592 ¹)
507 4527 572 4581 Ideo
585 4531 690 4583 tantum
708 4531 795 4586 tribuo
812 4532 874 4586 huic
893 4534 1043 4588 sententiae
1054 4535 1166 4603 ideoque
1184 4533 1262 4602 paulo
1280 4532 1388 4586 tiberius
1406 4532 1489 4584 totam
1503 4531 1572 4586 hanc
1590 4546 1648 4584 rem
1667 4529 1818 4596 retractavi,
1838 4528 1906 4596 quod
1920 4524 2112 4596 aliquantillum

298 4615 421 4680 ponderis
431 4617 492 4670 inde
502 4617 602 4672 adferri
612 4621 675 4687 puto
690 4620 723 4674 arl
733 4635 792 4675 eam
807 4623 989 4690 quaestionem
1006 4639 1084 4692 quarn
1095 4623 1205 4692 posthac
1221 4622 1255 4677 de
1266 4620 1416 4676 auctoribus
1434 4620 1565 4689 Propertii
1589 4618 1746 4674 habebimus
1769 4617 1984 4686 persolvendam3
2003 4616 2071 4684 quod
2090 4615 2112 4668 si

298 4702 356 4770 quia
375 4719 468 4770 parum
487 4722 517 4760 se
537 4708 676 4776 porpioera
689 4709 767 4776 dcet,
787 4709 810 4762 is
832 4710 911 4766 velim
924 4713 1040 4766 maxims
1059 4713 1213 4767 meurinsrit
1225 4711 1372 4766 Varmnanr
1392 4727 1496 4780 quoque
1515 4709 1652 4778 scripsisse
1671 4709 1774 4776 ,hehet
1803 4706 1844 4762 Cf.
1865 4706 1944 4760 stiam
1964 4703 2017 4760 Cio·
2032 4705 2114 4760 ΛΟΜ·

297 4789 369 4844 Post.
388 4792 410 4860 Ι,
430 4800 455 4860 3,
475 4800 500 4863 9,
524 4796 569 4850 uhi
587 4797 654 4852 haec
673 4796 796 4853 allocutio
805 4799 917 4871 obtingit
928 4802 1054 4856 Varroni:
1075 4843 1091 4869 ,.
1111 4840 1117 4853 .
1139 4845 1144 4857 .
1164 4802 1203 4856 Pu
1220 4801 1338 4855 omnium
1357 4801 1506 4854 divinarum
1524 4799 1753 4866 humanarumque
1771 4813 1861 4850 selum
1887 4794 1995 4848 ”Omina
2014 4809 2115 4864 3999ηι

296 4881 389 4934 officia
407 4897 522 4939 causas
540 4887 721 4954 aperuisti.‘

455 4979 478 5052 'l
507 4983 542 5035 cf.
562 4985 593 5040 G.
612 4985 730 5056 lincunt,
754 4987 975 5044 Woohsnschrift
993 4991 1012 5046 f.
1033 4989 1178 5044 hlassisohe
1197 4989 1351 5059 Philologie.
1386 4993 1463 5050 1888,
1483 5004 1508 5055 p.
1527 4992 1589 5042 399.

456 5083 478 5148 ⁴)
506 5081 590 5136 Recte
609 5083 656 5140 Ed.
667 5085 900 5154 Heydenreichius
919 5089 1081 5159 (Jahresber.
1102 5088 1170 5142 iiber
1187 5089 1212 5142 d.
1229 5087 1404 5142 Portschritte
1423 5087 1472 5140 der
1489 5085 1568 5140 hlaas.
1585 5083 1919 5139 hltertumawisasnschaft
1937 5082 1993 5149 LV,
2014 5100 2037 5150 p.
2051 5083 2112 5152 128)

294 5171 371 5227 dicit:
396 5175 471 5242 „Der
488 5173 614 5240 aperialls
627 5175 683 5230 Poll
701 5178 770 5232 iiber
787 5180 829 5234 die
843 5179 957 5247 Quallen
975 5181 1024 5234 der
1042 5178 1258 5248 aritiquarischon
1271 5177 1368 5231 Lisder·
1385 5177 1433 5230 des
1445 5176 1562 5243 Propera
1580 5175 1615 5227 ist
1632 5174 1676 5228 ein
1695 5172 1952 5227 bemerhenswertes
1970 5177 2112 5225 uorum.“
