4930 5978
454 725 548 792 Illum
571 745 699 809 quoque
722 725 872 792 carminis
895 725 1010 810 locum,
1035 727 1090 812 qni
1113 735 1163 794 est
1185 728 1227 795 de
1251 733 1352 794 morte
1376 723 1536 809 Tarpeiae
1558 729 1601 806 (v.
1614 727 1655 791 89
1665 723 1762 812 sqq),
1786 724 1831 790 ad
1854 724 1980 790 Livium
2004 723 2109 790 redire

294 831 453 898 'lherlxius
480 833 556 917 vult,
581 852 652 898 cum
675 832 787 898 scribit
807 840 853 918 (p.
878 835 947 919 34):
972 837 1087 918 ,Atque
1111 835 1170 920 eis,
1194 856 1278 920 quae
1302 834 1344 900 de
1367 839 1468 899 morte
1491 831 1653 916 Tarpeiae
1676 839 1787 897 narrat
1809 839 1920 916 poeta:

562 939 743 1025 ,At'latius
768 978 808 988 -
834 961 956 1024 neque
981 942 1079 1007 enim
1102 943 1246 1008 sceleri
1270 941 1378 1008 dedit
1400 938 1525 1006 hostis
1548 937 1731 1005 honorem
1748 975 1788 988 -

566 1047 699 1134 πΝυθυα
726 1048 772 1114 ait
798 1055 850 1135 ,et
872 1048 964 1134 regni
988 1049 1110 1116 scande
1134 1050 1238 1117 cubile
1262 1048 1358 1116 mei“.

563 1153 664 1238 Dixit,
689 1162 721 1221 et
742 1155 878 1240 ingestis
901 1157 1051 1222 comitum
1075 1177 1171 1243 super
1194 1157 1299 1224 obruit
1321 1155 1428 1223 armis‘

301 1282 374 1328 enm
398 1261 538 1328 maxime
562 1262 605 1327 ad
627 1261 755 1328 Livium
777 1263 936 1330 accedere
965 1264 1051 1347 quod
1080 1272 1273 1332 memoretur
1295 1265 1427 1349 dignum
1454 1270 1518 1330 cst:
1549 1283 1624 1328 nam
1652 1263 1748 1328 etiam
1778 1261 1831 1328 hic
1859 1261 1994 1346 scriptor
2021 1259 2113 1327 addit

296 1369 425 1434 Tatium
454 1390 563 1453 regem
595 1369 751 1454 virginem
774 1371 954 1456 necavisse,
990 1378 1028 1436 nt
1052 1393 1092 1438 se
1115 1372 1379 1457 proditionem
1403 1370 1553 1436 omnino
1577 1391 1650 1436 non
1674 1372 1839 1454 probare
1863 1368 2112 1452 signiticaret

294 1477 334 1561 (l,
356 1480 407 1560 11,
434 1479 484 1564 6):
514 1477 658 1562 ,Accepti
682 1478 829 1544 obrutam
852 1477 950 1544 armis
973 1479 1142 1564 necavere,
1167 1500 1225 1546 seu
1248 1487 1283 1545 nt
1306 1480 1337 1544 vi
1358 1485 1456 1564 capta
1474 1478 1582 1563 potius
1602 1498 1660 1544 arx
1679 1477 1849 1561 videretur,
1876 1496 1933 1544 scu
1952 1475 2111 1561 prodendi

297 1584 436 1668 exempli
459 1604 569 1669 causa,
593 1605 635 1650 nc
658 1583 886 1668 quibusquam
904 1585 1002 1652 fidum
1019 1586 1175 1670 proditori
1200 1588 1305 1654 essetf
1324 1625 1365 1636 -
1384 1586 1455 1652 Noc
1474 1605 1551 1652 vero
1571 1585 1659 1652 solas
1681 1583 1790 1649 Livius
1807 1583 1868 1650 hoc
1887 1583 2027 1667 exhibet,
2051 1581 2111 1648 sed

298 1691 395 1757 ctiam
419 1691 506 1777 apud
538 1691 742 1757 Plutarchum
772 1691 847 1771 (Vit.
872 1693 1001 1758 Romuli
1024 1693 1128 1778 XVll,
1161 1696 1214 1774 19)
1243 1714 1355 1778 parem
1383 1692 1562 1759 invenimus
1602 1689 1794 1757 sententiam
1824 1690 1872 1757 sic
1907 1710 2112 1774 expressam:

296 1795 351 1874 ‚Ob
376 1797 465 1884 μόνος
488 1797 549 1876 οὖν,
586 1802 627 1869 ὡς
649 1795 753 1876 ἔοικεν,
782 1797 939 1882 Ἀντίγονος
966 1797 1025 1886 ἔφη
1058 1800 1249 1886 προδιδόντας
1278 1802 1329 1885 μὲν
1358 1803 1463 1888 φιλεῖν,
1493 1796 1775 1884 προδεδωκότας
1803 1797 1841 1862 δὲ
1869 1800 1996 1882 μισεῖν·
2042 1796 2112 1861 οὐδὲ

297 1903 520 1991 Καῖσαρ
551 1907 644 1992 φιλεῖν
678 1906 730 1990 μὲν
764 1907 932 1991 προδοσίαν,
961 1906 1141 1993 προδότην
1175 1911 1214 1972 δε
1245 1911 1371 1992 μισεῖν·
1425 1907 1504 1972 ἀλλὰ
1533 1904 1629 1970 κοινόν
1657 1929 1683 1968 τι
1715 1909 1800 1968 τοῦτο
1828 1904 1924 1974 πάθος
1953 1904 2012 1968 ἐστὶ
2040 1904 2112 1988 πρὸς

300 2013 366 2083 roh<
398 2013 544 2098 πονηροὺς
577 2017 635 2083 τοῖς
667 2012 818 2098 δεομένοις
842 2012 963 2078 αὐτῶν.
982 2060 990 2076 .
1008 2061 1042 2077 ..
1072 2015 1122 2100 τὴν
1150 2015 1206 2101 γὰρ
1235 2014 1338 2102 χρείαν
1374 2015 1423 2080 dra
1451 2015 1650 2102 λαμβάνουσιν
1680 2014 1859 2095 ἀγαπῶντες,
1897 2011 2113 2098 ἐχθαίρουσι

294 2121 354 2204 τὴν
378 2119 523 2196 κακίαν,
549 2119 618 2184 ὅταν
641 2119 765 2206 τύχωσι.
797 2117 891 2184 Τοῦτο
915 2121 965 2184 καὶ
988 2123 1060 2207 πρὸς
1082 2123 1133 2207 τὴν
1157 2120 1310 2208 Ταρπηῖαν
1333 2122 1399 2186 τότε
1422 2121 1527 2186 παθὼν
1552 2122 1568 2186 ό
1592 2117 1721 2190 Τάτιος.
1740 2165 1748 2183 .
1767 2165 1800 2182 ..
1829 2125 1943 2204 πρῶτος
1971 2117 2035 2203 ἅμα
2062 2119 2111 2181 τδν

296 2229 524 2313 βραχιονιστῆρα
552 2233 602 2312 τῆς
633 2228 733 2313 χειρὸς
763 2230 907 2311 περιελὼν
942 2229 992 2292 καὶ
1019 2231 1068 2293 τὸν
1097 2230 1205 2316 θορεδν
1230 2230 1377 2316 ἐπέρριψε.
1431 2227 1554 2294 Πάντων
1583 2226 1617 2291 δέ
1648 2226 1720 2292 αὐτὸ
1749 2223 1909 2291 ποιοόντων
1940 2225 2109 2313 βαλλομένη

297 2358 329 2396 τε
353 2340 396 2420 τῷ
420 2337 525 2420 χρυσῷ
548 2334 598 2397 καὶ
621 2334 908 2419 καταχωσθεῖσα
931 2341 1002 2406 τοῖς
1025 2336 1170 2422 θυρεοῖς
1193 2339 1249 2401 ὑπὸ
1276 2337 1410 2422 πλήθους
1430 2336 1480 2400 καὶ
1499 2337 1609 2422 βάρους
1629 2334 1798 2398 ἀπέθανεν*
1830 2333 1932 2411 Quem
1948 2333 2110 2399 Plutarchi

291 2441 395 2506 locum
428 2460 620 2525 componere
650 2442 759 2507 malim
788 2462 858 2508 cum
889 2442 1047 2528 Propertii
1080 2443 1226 2510 versibus
1260 2465 1355 2528 quam
1387 2443 1527 2509 Liviana
1557 2442 1667 2526 verba,
1701 2461 1772 2507 curn
1803 2439 1990 2506 Plutarchus
2022 2440 2111 2505 illam

293 2548 495 2632 sententiam,
529 2568 593 2630 qua
621 2548 803 2632 proditores
835 2549 1043 2615 abominandi
1074 2551 1147 2636 sint,
1182 2550 1254 2616 fuse
1284 2552 1413 2634 lateque
1446 2555 1570 2634 urgeat,
1604 2547 1716 2614 Livius
1748 2569 1820 2614 eam
1853 2548 1957 2614 obiter
1989 2553 2112 2612 tantum

293 2654 431 2739 attingat
469 2661 500 2721 et
532 2655 648 2720 alteri
689 2655 831 2740 opinioni
864 2656 999 2740 primum
1033 2657 1088 2723 det
1119 2659 1224 2724 locum
1258 2657 1366 2726 verbis
1399 2657 1506 2723 hisce:
1557 2676 1625 2741 ,seu
1658 2663 1693 2721 nt
1724 2656 1756 2722 vi
1789 2661 1886 2740 capta
1916 2653 2023 2739 potius
2054 2675 2112 2719 arx

292 2761 474 2828 videretur‘.
538 2763 643 2845 Atque
675 2782 713 2828 eo
747 2763 852 2846 magis
886 2761 938 2828 hic
971 2763 1160 2830 Plutarchus
1193 2765 1226 2829 in
1258 2764 1393 2850 primum
1432 2784 1549 2848 agmen
1589 2762 1814 2848 producendus
1854 2769 1912 2848 est,
1953 2761 2039 2846 quod
2079 2760 2112 2825 in

293 2870 434 2935 locorum
459 2889 586 2952 quoque
610 2867 824 2953 descriptione
849 2869 961 2935 mirum
991 2871 1023 2935 in
1053 2871 1182 2936 modum
1213 2870 1363 2938 convenit
1392 2892 1461 2938 cum
1490 2869 1668 2956 Propertio,
1693 2870 1727 2935 id
1750 2870 1836 2954 quod
1859 2869 1930 2956 ipse
1953 2868 2112 2936 'luerhius

293 2985 338 3068 (p.
363 2979 404 3042 33
430 2981 493 3058 sq.)
515 2975 611 3060 plane
636 2975 878 3042 demonstravit.
919 2977 1009 3044 Sicut
1032 2986 1140 3044 autern
1162 2978 1210 3044 vir
1240 2979 1352 3046 doctus
1372 2977 1456 3044 hanc
1475 2976 1699 3063 descriptionis
1720 2975 1959 3044 similitudinem
1975 2977 2111 3044 Varroni

292 3082 400 3150 reddit
429 3083 570 3166 (,Graeci
589 3083 753 3168 scriptoris
773 3085 898 3151 ratione
917 3085 1044 3170 penitus
1063 3106 1236 3170 perspecta
1256 3085 1331 3170 quin
1351 3085 1406 3152 illc
1426 3085 1602 3152 communis
1627 3084 1710 3169 fons,
1735 3084 1780 3150 ad
1810 3104 1903 3168 quem
1923 3083 2111 3151 Plutarchus

293 3211 397 3274 aeque
408 3210 448 3255 ac
458 3190 642 3276 Propertius
653 3190 841 3257 referendus
853 3192 904 3276 sit,
915 3193 948 3258 in
959 3192 1113 3259 Varronis
1125 3193 1214 3259 libris
1225 3193 1276 3278 sit,
1296 3192 1350 3258 vix
1367 3191 1577 3259 dubitandum
1595 3193 1678 3278 est‘),
1695 3191 1741 3258 ita
1755 3193 1799 3257 nil
1814 3190 2035 3277 impedimenti
2050 3198 2109 3276 cst,

294 3298 462 3382 quominus
486 3320 516 3364 ν.
544 3300 586 3363 89
610 3318 679 3381 sqq.
700 3319 826 3382 quoqne
845 3299 1049 3384 repudiemus
1069 3299 1193 3366 Livium
1217 3306 1249 3366 et
1268 3300 1314 3365 ita
1333 3299 1412 3365 satio
1432 3299 1610 3366 habeamus
1629 3297 1662 3362 in
1682 3319 1754 3364 uno
1777 3305 1909 3365 anctore
1925 3299 2110 3382 allegando.

295 3405 368 3483 Qua
390 3405 422 3469 in
446 3425 480 3470 re
505 3404 639 3470 facimus
665 3426 738 3471 cnm
762 3406 813 3470 Pr.
840 3407 977 3488 Cancro,
1008 3407 1061 3490 qui
1091 3407 1287 3490 duratione
1316 3406 1449 3473 Tuerhii
1479 3403 1584 3473 sontes
1615 3406 1773 3491 Propertii
1804 3405 1971 3472 innostra
2003 3406 2111 3492 elegia

299 3512 439 3578 cruentis
463 3511 584 3578 iudicat
607 3512 654 3578 sio
677 3513 708 3598 (l.
732 3512 752 3576 l.
773 3535 804 3598 p.
828 3513 944 3602 1581):
969 3515 1093 3599 ,Nichts
1117 3513 1245 3581 hindert
1268 3514 1321 3580 die
1344 3514 1513 3580 Anuahme
1537 3514 1644 3580 einer
1668 3513 1793 3598 Quelle,
1817 3513 1848 3577 in
1874 3512 1931 3579 der
1955 3513 2035 3579 alle
2059 3513 2112 3580 die

300 3617 489 3704 Umstiinde,
515 3619 567 3684 die
581 3619 721 3704 Propera
745 3641 804 3686 aus
829 3620 887 3688 der
901 3622 1080 3688 rdmischcn
1092 3623 1179 3706 Saga
1195 3620 1334 3705 anliihrt,
1350 3621 1456 3687 neben
1476 3620 1631 3686 einander
1651 3621 1795 3686 erwiihnt
1814 3640 1966 3704 gewesen
1985 3620 2113 3706 sind.‘¹)

457 3726 505 3791 Ac
527 3726 624 3792 miror
656 3727 830 3793 Tnerkium
854 3727 976 3812 fugisse
1001 3729 1034 3794 in
1056 3728 1118 3794 hac
1141 3729 1214 3814 ipsa
1237 3749 1272 3795 rc
1296 3726 1555 3812 probabilissime
1578 3747 1676 3811 posse
1699 3747 1759 3794 nos
1792 3727 1945 3793 Varronis
1977 3727 2113 3794 anctori-

296 3840 396 3900 tatem
413 3833 529 3899 accire.
569 3833 653 3899 Nam
681 3854 753 3899 cum
777 3835 1066 3919 exploratissimum
1091 3837 1132 3902 sit
1154 3835 1187 3901 in
1211 3836 1285 3902 Vita
1308 3834 1434 3901 Romuli
1457 3835 1661 3900 Plutarchum
1685 3835 1731 3900 ita
1753 3834 1895 3919 pendere
1920 3856 1937 3902 e
1958 3836 2112 3920 Varrone,

299 3949 333 4006 ut
357 3941 474 4007 adierit
497 3941 597 4006 lubae
627 3940 668 4006 de
693 3940 859 4027 ὁμοιότησιν
884 3942 1008 4028 librum,
1043 3944 1156 4011 lubam
1186 3949 1293 4009 autem
1318 3941 1470 4008 Varronis
1503 3941 1682 4008 doctrinam
1712 3941 1746 4008 iu
1779 3941 1938 4009 Graecam
1970 3942 2113 4027 linguam

301 4049 540 4133 transtulisses,
558 4048 609 4114 hic
634 4069 672 4114 eo
697 4049 908 4116 confidentius
931 4071 998 4116 rem
1023 4071 1122 4135 agere
1145 4069 1326 4136 possumus,
1352 4049 1436 4133 qnod
1460 4048 1648 4116 Plutarchus
1676 4050 1759 4132 (1.1.)
1781 4049 1813 4115 in
1837 4048 1909 4135 ipsa
1937 4049 2047 4116 fabula
2071 4050 2112 4116 de

300 4156 442 4238 'lorpeia
475 4164 625 4222 enarrata
658 4156 792 4222 Iubam
815 4157 939 4223 citarit:
973 4155 1089 4234 ,Ἐαλω
1119 4159 1152 4221 u
1185 4159 1235 4222 καὶ
1269 4155 1418 4242 Ταρπήιος
1440 4157 1596 4242 προδοσίας
1625 4158 1680 4221 ὑπὸ
1703 4152 1858 4242 Ῥωμύλου
1887 4158 2039 4244 διωχθεὶς,
2073 4161 2113 4229 ὡς

298 4259 415 4348 Ἰόβας
438 4263 525 4349 φησὶ
549 4263 666 4351 Γάλβαν
692 4263 864 4330 Σουλπίκιον
888 4267 1031 4351 ἱστορεῖν.ι

457 4369 519 4456 Ευ,
544 4370 719 4453 quidinde
744 4379 904 4455 sequatur.
953 4373 1032 4439 Cum
1060 4379 1172 4458 pateat
1194 4373 1353 4457 Propertii
1377 4379 1409 4439 et
1430 4372 1603 4458 Plutarchi,
1635 4393 1728 4458 quem
1756 4393 1816 4458 per
1838 4374 1961 4458 labam,
1991 4373 2111 4458 expila-

299 4482 400 4542 torem
425 4477 589 4562 Varronis,
614 4479 657 4544 ad
681 4478 764 4545 hunc
779 4478 1009 4564 polyhistorem
1034 4481 1139 4547 redire
1163 4479 1259 4545 modo
1284 4479 1432 4564 diximus,
1457 4479 1629 4545 similitudo
1654 4487 1686 4546 et
1709 4500 1779 4547 cum
1802 4481 1988 4565 ceteroquin
2011 4481 2111 4549 Varro

298 4583 378 4668 ipsa,
407 4584 440 4650 id
470 4584 557 4668 quod
577 4586 717 4652 maxima
742 4608 782 4652 ax
807 4595 898 4670 parte
923 4587 987 4653 iarn
1007 4587 1166 4654 Tuerlrius
1192 4588 1297 4670 evicit,
1326 4588 1359 4652 in
1385 4587 1518 4672 siugulis
1537 4589 1633 4654 rebus
1659 4607 1730 4654 cum
1749 4595 1858 4655 nostro
1882 4607 2111 4674 usquequaque

301 4691 471 4777 conspiret,
497 4691 556 4758 hos
580 4712 706 4776 quoque
731 4714 842 4760 versus
866 4715 1018 4762 revocare
1043 4695 1086 4761 ad
1110 4696 1287 4762 Varronem
1309 4715 1374 4760 non
1398 4693 1520 4780 dubito,
1544 4694 1657 4760 utiam
1680 4695 1855 4762 omnibus
1879 4695 1959 4764 locis
1982 4703 2111 4764 norbae

458 4885 479 4952 ’,λ
506 4887 593 4942 Etiam
613 4905 629 4943 a
647 4890 678 4942 G.
697 4887 833 4943 Knaaclrio
852 4889 879 4958 (l.
899 4889 915 4946 l.
936 4907 960 4957 ρ.
981 4895 1045 4958 401)
1064 4889 1196 4959 repulsam
1215 4891 1271 4945 fert
1289 4889 1393 4958 Iirins3
1427 4888 1506 4959 aolus,
1530 4907 1595 4960 quos
1614 4891 1704 4958 sciam,
1724 4891 1906 4947 Rothstainiua
1925 4893 1976 4960 (od.
1996 4895 2058 4948 tom.
2074 4891 2111 4960 Π,

299 4990 325 5041 p.
346 4973 409 5044 230)
428 4973 596 5043 Propertium
616 4977 736 5032 consulto
755 4977 798 5030 hic
817 4993 847 5031 se
866 4979 1009 5048 adiungere
1029 4979 1142 5033 formasa
1161 4981 1193 5034 ad
1212 4980 1281 5034 Liuii
1301 4981 1485 5034 auctoritatam
1504 4982 1604 5034 censet.

458 5062 479 5131 ¹)
507 5063 548 5117 De
576 5065 625 5120 hac
648 5067 802 5136 quaestione
821 5067 943 5136 inprimis
962 5068 1140 5122 conferendus
1162 5073 1203 5122 est
1226 5068 1359 5136 Bembina,
1379 5069 1420 5123 De
1439 5069 1521 5124 Iubae
1545 5070 1692 5142 ὁμοιότησιν
1712 5085 1728 5123 a
1751 5069 1893 5126 Plutarcho
1925 5071 2058 5140 expressis
2081 5071 2110 5124 in

297 5151 502 5219 Quaestionibns
515 5152 641 5208 Romanis
659 5157 688 5208 ct
705 5157 733 5208 in
752 5155 863 5210 Romulo
883 5155 1032 5224 Numaque,
1058 5157 1173 5226 Gotting.
1189 5161 1266 5213 1876.
1290 5157 1331 5214 cf.
1351 5157 1431 5212 etiarn
1451 5157 1585 5225 Glaessar,
1615 5157 1664 5225 ,bc
1687 5157 1870 5215 Varronianus
1889 5160 2023 5215 doctrinae
2042 5160 2110 5228 apud

298 5240 471 5298 Plutarchum
491 5241 626 5312 νεώρια*
645 5243 718 5297 Stud.
738 5245 809 5313 lips.
828 5245 876 5313 lV,
897 5262 922 5315 p.
944 5249 994 5300 159
1013 5261 1070 5316 sqq.
