4930 5978
558 2517 734 2642 Bicipitem
755 2577 820 2622 non
844 2556 960 2622 iniuria
976 2555 1093 2622 dixerit
1116 2556 1186 2640 quis
1204 2556 1404 2642 Propertium
1419 2555 1492 2621 libri
1518 2556 1618 2622 ultimi
1642 2557 1897 2641 compositorem,
1922 2561 2031 2640 utpote
2055 2555 2108 2638 qui
2133 2556 2165 2620 in

352 2665 414 2733 hac
444 2674 588 2732 extrema
618 2663 790 2730 carminum
818 2669 909 2748 parte
939 2682 1043 2746 neque
1075 2662 1187 2730 solitos
1221 2663 1468 2750 peculiaresque
1499 2663 1635 2746 elegiaci
1664 2671 1781 2750 poetae
1811 2663 1924 2730 modos
1954 2663 2108 2746 neglegat
2136 2669 2168 2728 et

355 2769 497 2839 doctus
513 2770 607 2838 uobis
618 2769 754 2836 exsistat
766 2776 875 2854 poeta,
892 2789 974 2853 cum,
990 2789 1065 2836 vere
1081 2789 1200 2855 praeco
1210 2770 1364 2856 temporis
1374 2771 1449 2856 acti,
1465 2770 1605 2836 insumat
1620 2777 1722 2838 artem
1737 2772 1770 2836 in
1787 2769 1968 2838 evolvenda
1977 2769 2167 2854 antiquitate

355 2880 502 2945 Romana
526 2884 558 2943 et
584 2883 774 2961 argumenta
796 2875 872 2942 inde
896 2882 1044 2961 prompta
1074 2875 1191 2943 fidibus
1222 2877 1314 2962 lyrae
1342 2897 1421 2944 suae
1452 2878 1630 2944 amatoriae
1660 2876 1849 2962 adaptanda
1872 2884 1970 2944 curet.
2020 2877 2167 2960 Quinque

356 2991 429 3051 sunt
463 2984 628 3068 carmina,
660 2984 774 3068 quibus
813 2981 901 3050 baud
929 2983 1048 3068 exigua
1089 3004 1165 3050 usus
1198 2984 1364 3051 doctrinae
1395 2984 1572 3052 subtilitate
1607 2985 1747 3070 origines
1780 2986 1944 3050 Romanas
1978 2985 2064 3050 canit
2096 2984 2166 3049 ille:

356 3112 486 3159 carmen
508 3091 653 3176 primum,
677 3089 863 3175 secundum,
895 3097 1051 3176 quartum,
1082 3111 1210 3177 nonum,
1241 3090 1407 3158 decimum.
1455 3090 1596 3169 Quarum
1620 3091 1661 3158 dc
1685 3092 1862 3176 elegiarum
1885 3091 2019 3158 consilio
2043 3090 2166 3156 ratione

355 3198 464 3265 indole
488 3197 678 3265 condicione
702 3197 923 3264 coniunctione
939 3196 1151 3283 dispositione
1174 3199 1287 3264 mirum
1303 3203 1456 3282 quantum
1480 3195 1643 3282 discrepat
1666 3198 1748 3266 inter
1771 3219 1882 3265 omncs
1890 3200 1914 3278 1)
1936 3197 2167 3281 pullulavitqnc

356 3306 609 3372 coniecturarum
625 3325 732 3390 seges,
757 3311 790 3370 et
804 3304 989 3389 praecipue,
1013 3325 1090 3388 quo
1108 3306 1288 3373 consilio
1300 3312 1410 3372 essent
1425 3304 1586 3389 conditae,
1610 3307 1723 3371 iterum
1739 3326 1779 3371 ac
1795 3304 1926 3390 saepius
1942 3304 2169 3388 quaesiverunt

355 3412 415 3478 viri
446 3411 532 3478 docti
561 3431 666 3496 neque
690 3410 863 3496 quidquam
887 3411 965 3478 certi
989 3412 1072 3478 inter
1094 3432 1151 3479 eos
1174 3413 1340 3480 convenit:
1380 3412 1453 3479 aliis
1477 3412 1567 3478 aliud
1589 3411 1773 3498 Propertius
1803 3412 1868 3479 illis
1892 3411 1983 3496 sequi
2006 3411 2094 3478 visus
2119 3418 2168 3477 est

356 3517 559 3584 carminibus.

516 3643 564 3709 Ac
579 3643 699 3727 primus
727 3642 866 3727 quidem,
899 3643 988 3709 cuius
1012 3642 1054 3709 de
1079 3643 1230 3728 opinione
1256 3643 1463 3728 disseramus,
1489 3643 1605 3728 dignus
1630 3649 1680 3709 cst
1705 3643 1754 3708 rir
1770 3643 1917 3710 doctrina
1938 3649 1971 3709 et
1986 3641 2167 3726 sagacitate

352 3749 394 3816 de
418 3748 533 3816 studiis
561 3749 778 3834 Propertianis
801 3749 970 3834 insigniter
997 3749 1138 3835 meritus,
1163 3750 1312 3817 Carolum
1336 3751 1579 3818 Lachmannum
1602 3749 1686 3834 dico,
1717 3749 1770 3833 qui
1792 3748 1826 3814 in
1843 3748 1983 3816 editione
2000 3749 2163 3832 Lipsiensi

351 3861 463 3942 (1816,
487 3877 516 3942 p.
541 3859 624 3941 350;
655 3855 693 3924 cf.
723 3877 755 3942 p.
786 3859 864 3938 369)
893 3857 1085 3924 sententiam
1109 3878 1201 3924 suam
1225 3857 1266 3923 de
1290 3858 1424 3926 consilio
1448 3857 1540 3923 buius
1571 3857 1744 3940 elegiarum
1768 3856 1948 3941 corpusculi
1972 3855 2163 3922 coniecturis

352 3963 547 4032 multimodis
570 3965 679 4031 vexati
702 3964 738 4029 in
751 3963 858 4031 medio
874 3964 1042 4049 proposuit
1065 3971 1097 4031 et
1112 3963 1311 4048 Propertium
1335 3965 1569 4049 ,Pastorum‘
1595 3964 1663 4030 sive
1686 3963 1875 4046 ‚Dierum‘
1900 3983 1981 4047 opus
2005 3961 2163 4029 conficere

351 4072 491 4138 voluisse
525 4071 587 4138 sibi
614 4071 783 4156 persuasit
835 4071 985 4156 Sequitur
1017 4091 1090 4138 cum
1123 4071 1283 4138 (laruttius
1315 4070 1427 4156 (prael.
1458 4070 1509 4137 ed.
1542 4091 1572 4156 p.
1605 4071 1775 4150 XXXVII)
1810 4069 1914 4136 simile
1946 4068 2045 4135 fuisse
2078 4075 2164 4134 ratus

351 4197 480 4244 carmen
504 4179 618 4246 Sabini
641 4187 770 4264 poetae,
795 4177 836 4245 dc
859 4198 922 4262 quo
947 4177 1082 4245 Ovidius
1103 4179 1197 4263 (Epp.
1223 4198 1264 4245 ex
1287 4179 1390 4245 Ponto
1415 4178 1467 4244 lV.
1496 4181 1547 4264 16,
1575 4182 1703 4260 lbsq.):

779 4302 915 4388 ,Quique
939 4324 1031 4371 suam
1054 4303 1200 4390 Chrysen
1223 4302 1508 4388 imperfectumque
1532 4303 1685 4369 Dierum

778 4411 928 4477 Deseruit
950 4411 1048 4478 celeri
1071 4417 1172 4478 morte
1196 4410 1334 4478 Sabinus
1358 4412 1461 4495 opus!

511 4551 576 4618 Suo
601 4558 708 4619 autem
731 4553 799 4619 iure
823 4553 859 4618 R.
888 4553 1034 4636 Voigtius
1057 4554 1120 4633 (De
1144 4559 1257 4637 quarto
1283 4553 1438 4637 Propertii
1453 4547 1552 4637 libro,
1578 4549 1833 4636 Helsinglorsiae
1857 4553 1951 4628 1872,
1978 4571 2009 4634 p.
2029 4553 2070 4615 21
2096 4557 2164 4634 sq),

351 4657 404 4740 qui
427 4657 507 4724 hanc
530 4658 744 4743 adoptassent
767 4659 961 4744 opinionem,
992 4661 1062 4727 solo
1084 4659 1192 4726 Ovidii
1213 4659 1361 4744 exemplo
1383 4659 1539 4744 impulsos
1561 4679 1635 4725 esse
1656 4656 1895 4725 demonstravit.
1934 4655 2166 4724 ovidianorum

513 4855 532 4922 ¹)
551 4855 624 4908 Adeo
637 4854 767 4908 dissident
785 4854 835 4908 viri
852 4855 930 4921 docti,
950 4857 980 4908 ut
998 4856 1115 4908 omnium
1129 4854 1261 4923 Propertii
1280 4854 1407 4910 librorum
1422 4854 1530 4909 ultimus
1543 4857 1651 4923 putetur
1670 4855 1732 4908 hinc
1748 4851 1976 4922 ,perfectissimus
1997 4851 2164 4922 (Buecheler.

352 4941 419 4996 llus.
433 4941 554 4998 Rhenan.
568 4946 630 4997 tour.
642 4943 767 4998 XXXVI
781 4944 881 5014 (1881),
901 4961 926 5012 ρ.
940 4945 1012 5014 337),
1032 4943 1103 4998 illinc
1114 4943 1350 5010 inconditissimus;
1369 4943 1444 4998 velut
1455 4944 1643 4998 Lachmannus
1653 4942 1840 4997 tumultuosius
1858 4945 1965 5010 praeter
1977 4941 2164 4996 necessitatem

349 5031 377 5084 in
396 5031 468 5085 huno
487 5028 583 5084 librum
606 5035 740 5100 grassatus
766 5033 899 5102 fragmina
924 5032 999 5086 rudia
1027 5032 1101 5101 ponit
1127 5035 1155 5086 et
1177 5033 1214 5086 ita
1237 5049 1289 5086 non
1309 5033 1487 5100 cohaerentia
1512 5037 1542 5086 ut
1566 5050 1599 5087 ne
1619 5049 1686 5101 puer·
1704 5031 1811 5100 quidem
1829 5031 1978 5086 balbutiens
2003 5029 2085 5084 verba
2109 5031 2163 5083 tam

349 5121 499 5190 interrupta
517 5123 544 5174 et
562 5121 693 5190 indigesta
711 5121 817 5177 iaceret

1953 5209 1982 5263 1⁸
