4930 5978
1155 375 1313 472 —23—

326 595 358 658 in
383 594 510 660 ltaliam
535 593 662 660 vonisse
683 593 872 658 Euandrum
897 591 995 658 tradit
1020 591 1042 675 l,
1069 595 1099 674 7,
1117 592 1154 654 8:
1179 588 1342 673 ,Euander
1357 598 1432 656 tum
1445 592 1635 678 profugus
1652 613 1693 660 ex
1709 594 1933 679 Peloponneso
1948 594 2140 661 auctoritate

326 702 430 785 magis
454 721 550 784 qnam
573 700 707 784 imperio
731 701 868 784 regebat
894 700 987 766 loea‘
1032 698 1130 764 Cuius
1153 697 1296 762 attributi
1320 699 1523 780 quantumvis
1557 700 1598 766 sit
1629 700 1781 767 notabilis
1815 709 1997 786 concentus,
2030 708 2139 767 tamen

326 808 442 874 vellem
467 808 641 875 evolvisset
664 806 712 872 vir
735 807 849 874 doctus
873 807 962 874 Serv.
986 807 1065 872 Aen.
1091 805 1177 887 VIII,
1202 809 1256 889 51,
1281 804 1367 870 unde
1390 806 1607 873 Varronem
1624 807 1754 892 ‚lugam‘
1778 807 1922 873 Euandri
1939 807 2137 875 omnimodo

325 915 485 1000 pressisse
510 914 676 980 discimus:
702 915 786 998 ,lpse
811 921 917 980 antem
942 912 1105 997 Euander,
1135 911 1269 979 dimissa
1293 912 1459 996 provincia
1483 933 1542 979 sna
1574 913 1728 999 exilio,
1757 935 1835 980 non
1859 921 2013 999 sponte,
2047 936 2136 981 con-

324 1023 467 1107 pulsus
505 1021 592 1087 venit
616 1020 659 1086 ad
683 1021 812 1086 Italiam
835 1027 868 1088 et
899 1021 1001 1106 pulsis
1034 1020 1263 1104 Aboriginibus
1296 1020 1399 1085 tenuit
1430 1021 1513 1106 loca,
1546 1021 1579 1085 in
1612 1021 1727 1103 quibus
1760 1042 1844 1087 nuno
1876 1023 1979 1088 Roma
2012 1031 2071 1107 est,
2104 1031 2137 1089 et

324 1130 484 1202 modicum
517 1127 670 1212 oppidum
698 1127 845 1194 fundavit
878 1128 912 1192 in
944 1134 1052 1212 monte
1084 1127 1243 1211 Palatino,
1287 1127 1370 1193 sieut
1406 1127 1452 1192 ait
1491 1129 1633 1193 Varro:
1667 1129 1783 1194 Nonne
1815 1129 1961 1195 Arcades
1994 1131 2134 1195 exules

324 1236 585 1320 conlegerunt
607 1236 641 1302 in
664 1235 834 1320 Palatium,
860 1235 941 1302 duce
965 1233 1117 1300 Euandro
1126 1233 1152 1300 P‘
1167 1236 1190 1314 ¹)
1233 1235 1302 1300 Hoc
1330 1234 1435 1319 igitur,
1469 1234 1498 1299 si
1521 1235 1616 1300 modo
1641 1234 1683 1300 de
1707 1255 1747 1301 ea
1770 1255 1805 1301 re
1828 1236 1951 1320 aliquid
1979 1237 2136 1320 suspicari

323 1351 380 1409 aut
405 1342 482 1409 lieet
514 1351 570 1408 aut
593 1363 675 1427 opus
708 1349 767 1426 est,
803 1344 1015 1409 Varronem
1047 1341 1273 1426 suppeditasse
1301 1348 1419 1426 poetae
1447 1349 1561 1426 putare
1588 1342 1708 1427 malim,
1742 1363 1812 1408 oum
1840 1343 1963 1427 reliqua
1987 1344 2136 1410 carminis

322 1451 460 1516 eruditio
484 1451 605 1528 aspiret
628 1449 673 1514 ad
697 1449 834 1518 eundern
857 1449 1098 1534 polyhistorem.

479 1986 548 2072 lam
571 2005 648 2050 vero
673 1985 747 2050 vela
772 1982 999 2072 contrahamus
1022 1991 1211 2067 portumque
1228 1983 1314 2049 nacti
1331 1983 1509 2066 videamus,
1534 1983 1650 2066 ecquid
1673 1983 1751 2049 lucri
1777 2003 1794 2050 e
1819 1983 1872 2049 via
1893 2005 1988 2066 quam
2013 1987 2143 2053 emensi.

318 2110 425 2156 sumus
450 2091 579 2157 domum
603 2090 836 2157 advenerimus.

477 2217 514 2281 ln
538 2217 602 2282 fine
627 2215 863 2282 dissertationis
888 2236 966 2281 suae
991 2215 1036 2300 (p.
1062 2218 1117 2302 6¹4)
1133 2216 1293 2281 Incrkios
1310 2215 1392 2282 baec
1407 2215 1486 2282 tacit
1502 2216 1617 2282 verba:
1636 2216 1719 2298 ,Non
1736 2215 1839 2281 minus
1855 2216 1961 2301 velim,
1978 2216 2133 2283 multum

316 2322 495 2389 valuisse
534 2323 577 2389 ad
609 2323 753 2389 earmina
785 2324 933 2389 Romana
964 2322 1070 2388 Livii
1103 2323 1203 2388 libros
1236 2322 1537 2406 demonstraverim
1584 2329 1680 2405 atque
1712 2329 1747 2386 ut
1779 2323 1979 2389 coniecturas
2012 2333 2132 2391 rectam

311 2433 474 2498 rationem
486 2430 681 2497 excedentes
692 2429 833 2515 fecerim,
844 2437 953 2495 tamen
969 2431 1045 2513 qtrin
1055 2430 1212 2497 Livius'et
1222 2429 1406 2513 Propertius
1422 2428 1505 2494 inter
1514 2449 1550 2494 se
1561 2427 1766 2514 cohaereant,
1778 2429 1832 2493 vix
1843 2429 2053 2497 dubitandum
2063 2439 2131 2497 est‘

316 2539 456 2604 Primum
472 2539 588 2603 librum
605 2537 746 2621 saepius,
772 2538 871 2603 semel
897 2537 1011 2602 librum
1027 2547 1174 2620 quartum
1189 2537 1337 2602 Patavini
1354 2537 1386 2601 in
1402 2557 1493 2602 usum
1513 2555 1585 2602 esse
1602 2536 1887 2603 voeatnmaSexto
1904 2540 2132 2622 comprobasse

314 2645 375 2711 sibi
399 2645 502 2711 rideri
525 2645 625 2710 virum
650 2644 779 2710 doctum
802 2643 949 2711 vidimus.

474 2771 530 2835 Et'
545 2769 690 2836 habeant
718 2769 794 2835 licet
821 2769 964 2836 nonnulli
995 2769 1202 2834 Lirianorum
1226 2789 1306 2852 quos
1330 2768 1424 2834 affert
1448 2769 1588 2834 locorum
1612 2767 1850 2833 similitudinem
1874 2768 2037 2851 quandam
2061 2791 2131 2836 cum

319 2876 476 2960 Propertii
508 2877 693 2942 enuntiatis:
727 2883 836 2942 tamen
860 2895 933 2941 esse
956 2895 1087 2961 prorsus
1110 2877 1240 2960 nullum,
1273 2876 1348 2959 quin
1373 2875 1486 2940 eodem
1512 2875 1579 2940 iure
1603 2895 1673 2942 com
1698 2874 1846 2941 Varronis
1870 2875 2002 2958 eiusque
2026 2897 2131 2943 aemn-

315 2983 415 3048 lorum
433 2984 523 3048 libris
540 2983 688 3066 componi
711 2984 825 3068 possit,
849 2983 912 3050 bae
935 3003 1009 3049 mea
1033 2967 1304 3068 disputatiuncula
1327 2983 1472 3067 patuisse
1487 2990 1575 3067 puto,
1600 2982 1646 3047 ita
1661 2989 1695 3046 ut
1715 2980 1793 3046 nihil
1809 2982 1851 3047 sit
1867 3003 1922 3048 cnr
1935 2982 2129 3070 Propertius,

314 3090 348 3153 in
381 3091 563 3156 universum
592 3091 860 3158 Varronianus
891 3099 1071 3158 assectator
1098 3091 1274 3175 doctrinae,
1307 3090 1357 3156 his
1380 3089 1494 3174 paucis
1517 3089 1596 3155 loeis
1621 3089 1717 3154 duos
1741 3089 1802 3154 sibi
1831 3089 1997 3173 apernisse
2025 3090 2130 3158 fontes

316 3197 521 3263 existimetur.
569 3197 640 3275 Quo
665 3197 802 3282 accedit,
826 3198 912 3280 quod
937 3197 1067 3280 reliquis
1091 3217 1218 3281 quoque
1242 3198 1321 3264 locis
1345 3198 1397 3262 vix
1422 3218 1442 3261 a
1467 3197 1629 3280 Varronis,
1663 3196 1743 3261 satis
1774 3215 1874 3281 saepe
1899 3217 1919 3260 a
1946 3196 2031 3262 Livii
2058 3219 2129 3283 per-

315 3303 466 3368 suasione
491 3303 703 3368 decedentem
727 3303 996 3387 deprehendimus
1020 3312 1160 3388 poetam.

472 3426 634 3492 Lauream
658 3428 755 3512 igitur
778 3429 914 3495 Varroni
938 3429 1117 3495 detractam
1140 3429 1297 3495 immerito
1321 3428 1513 3513 imposuisse
1545 3427 1636 3493 livio
1660 3427 1835 3492 Tuerldum
1859 3427 1885 3493 si
1917 3429 2126 3516 concesseris,

312 3554 376 3598 nna
400 3534 550 3600 mercede
575 3535 657 3600 duas
681 3555 733 3602 res
757 3536 897 3602 assecuti
922 3536 1054 3602 erimus:
1079 3556 1149 3602 cnm
1173 3543 1299 3620 ruptum
1324 3535 1384 3601 erit
1407 3555 1501 3600 omne
1525 3532 1612 3617 qnod
1634 3534 1834 3618 Propertium
1856 3533 1950 3601 Livio
1975 3536 2127 3621 copulare

311 3640 483 3705 videbatur
505 3641 666 3708 interioris
690 3642 855 3708 societatis
879 3643 1048 3727 vinculum,
1072 3651 1138 3708 tum
1162 3643 1223 3708 hac
1246 3643 1320 3727 ipsa
1343 3663 1377 3708 re
1402 3641 1576 3707 auctoritas
1601 3640 1764 3725 Varronis,
1789 3641 1878 3707 cuins
1895 3643 2079 3726 ceteroquin
2094 3644 2127 3708 in

306 3747 511 3832 aetiologicis
535 3748 729 3814 carminibus
753 3757 822 3814 arte
846 3749 947 3834 premi
972 3750 1111 3834 vestigia
1136 3771 1157 3815 a
1180 3757 1277 3834 poeto
1302 3757 1413 3814 nostra
1442 3747 1509 3812 veri
1539 3755 1589 3813 est
1617 3768 1711 3830 quam
1740 3747 1944 3832 simillimum,
1977 3757 2073 3815 aucta
2097 3759 2129 3815 et

307 3855 524 3922 corroborata.

466 3980 628 4046 ‘Inerlrius
663 3987 768 4047 antem
804 3982 884 4065 solo,
918 3981 1047 4065 siquid
1079 3983 1186 4067 video,
1226 3981 1332 4047 Caroli
1367 3979 1553 4046 Schenkelii
1586 3980 1746 4064 exemplo,
1779 3987 1813 4044 ut
1845 3980 1971 4046 Livium
2003 3981 2126 4050 faceret

308 4087 467 4171 Propertii
493 4096 667 4171 auctorem,
701 4089 857 4172 pellectus
891 4094 949 4154 est.
997 4089 1058 4155 llic
1080 4089 1129 4156 rir
1152 4088 1266 4155 doetus
1291 4088 1507 4172 quadraginta
1538 4087 1657 4152 abhinc
1681 4087 1775 4153 annis
1806 4088 1972 4164 (Zeitscbr.
1996 4088 2048 4155 fiir
2071 4089 2124 4156 die

307 4193 493 4260 dsterreich.
528 4193 727 4278 Gymnasien
763 4198 859 4282 1860,
893 4217 922 4282 p.
948 4198 1010 4261 401
1024 4199 1140 4284 sqq.)²)
1187 4194 1295 4262 Ovidii
1327 4196 1496 4260 Fastorum
1528 4196 1617 4260 locos
1641 4194 1815 4280 permultos
1839 4195 1947 4278 utique
1977 4196 2123 4265 redolere

305 4300 498 4385 sapientiam
526 4301 665 4385 priorum
689 4301 774 4367 Lirii
799 4303 948 4370 librorum
974 4303 1160 4369 certissimis
1184 4303 1280 4370 evicit
1302 4302 1509 4386 argumentIs.
1558 4301 1649 4379 Quae
1673 4321 1792 4368 causae
1816 4302 1858 4367 ab
1876 4322 1915 4368 eo
1938 4303 2122 4388 afferuntur,

470 4533 491 4594 ¹)
512 4533 547 4586 cl.
567 4533 645 4587 Dion.
664 4533 750 4588 Helio.
770 4535 792 4600 Ι,
812 4541 855 4602 31,
875 4538 946 4590 unde
964 4537 1132 4590 Varroniano
1149 4535 1211 4590 lieet
1231 4535 1341 4602 clicere3
1361 4535 1476 4603 produnt
1493 4534 1565 4588 hune
1584 4537 1718 4587 auctorem
1738 4532 1820 4587 verba
1838 4532 1958 4600 Dionysii
1979 4535 2011 4593 ‚cl
2030 4535 2056 4588 bl
2075 4537 2122 4594 τὰς

301 4616 451 4688 Ῥωμαϊκὰς
472 4625 664 4697 συγγράψαντα
684 4626 882 4698 ἀρχαιολογίας.
919 4627 988 4680 VIde
1008 4627 1087 4681 etiam
1107 4625 1189 4680 verba
1206 4625 1323 4680 Euandri
1343 4624 1412 4693 apud
1430 4625 1511 4693 Verg.
1531 4627 1598 4677 Aen.
1618 4622 1694 4686 VIII,
1713 4627 1765 4677 333
1784 4638 1853 4690 sqq.:

730 4713 782 4780 ,Me
802 4714 937 4783 pulsnm
957 4717 1073 4784 patria
1091 4715 1229 4785 pelagique
1249 4717 1370 4768 extrema
1387 4716 1544 4781 sequentem

730 4803 849 4858 Fortuna
866 4805 1034 4874 omnipotens
1053 4808 1080 4858 et
1098 4802 1267 4859 Ineluctabile
1285 4803 1379 4856 Fatmn

729 4891 779 4946 llis
798 4909 911 4961 posuere
929 4893 1012 4949 loeis}

467 4992 565 5061 ¹)Hae
594 4997 621 5050 in
650 4999 822 5054 similitudine
851 5001 1009 5085 explicanda
1034 5003 1086 5056 lant
1111 5007 1192 5056 antea
1213 5000 1347 5069 Neapolis,
1370 4998 1506 5054 Heinsius,
1534 4997 1722 5062 Burmannius,
1750 4996 1881 5066 Gierigius
1899 4999 2121 5053 commentatores

303 5082 507 5138 desudaverant
