4930 5978
1143 403 1302 499 -4,

316 613 467 680 videlicet
499 613 678 698 Fastorum,
713 613 827 697 quibus
860 635 918 698 per
950 613 1094 697 singulos
1123 634 1251 681 menses
1284 611 1355 678 dies
1383 611 1459 678 anni
1489 612 1625 678 Romani
1657 611 1758 679 festos
1791 618 1823 679 et
1857 611 1936 679 ritus
1976 612 2131 681 describit

319 759 357 768 -
393 719 560 787 dimidiam
585 727 707 786 tantum
726 727 848 806 partem
864 721 1046 786 absolutam
1072 740 1145 786 csse
1169 741 1235 786 non
1249 719 1391 786 nescitur
1417 759 1469 805 -,
1500 725 1599 804 pocta
1629 719 1699 804 ipsc
1730 719 1778 785 sic
1809 719 1951 804 explicat
1980 725 2129 787 naturam

315 827 416 910 (Fast.
441 828 466 913 l,
493 831 509 892 1
535 831 632 911 sqq.):

743 935 915 1020 ,Tempora
940 955 1010 1002 cum
1034 934 1141 1002 causis
1167 935 1294 1001 Latium
1319 933 1447 1019 digesta
1470 953 1669 1019 perannum

744 1042 919 1126 Lapsaque
943 1043 1002 1108 sub
1026 1049 1129 1109 terras
1153 1049 1288 1127 ortaque
1311 1041 1406 1126 signa
1430 1062 1546 1108 canam
1571 1090 1704 1109 .....

744 1149 846 1216 Sacra
868 1169 1084 1233 recognosces
1108 1145 1276 1216 annalibus
1301 1156 1392 1215 cruta
1415 1149 1530 1234 priscis

744 1256 785 1321 Et
808 1276 871 1340 quo
895 1257 937 1322 sit
960 1256 1073 1324 marito
1098 1247 1246 1341 qbacquc
1270 1262 1384 1323 notata
1406 1256 1496 1323 dies!

477 1381 527 1449 cf.
553 1381 640 1448 Fast.
666 1381 708 1465 ll,
733 1385 770 1447 7:

743 1488 845 1572 ,ldem
868 1508 960 1555 sacra
983 1509 1065 1556 cano
1089 1489 1282 1574 signataque
1305 1495 1452 1574 tempora
1475 1488 1589 1555 lastis!

479 1613 583 1692 Quam
608 1613 776 1680 Fastorum
804 1612 1022 1680 definitionem
1050 1614 1179 1681 minime
1208 1614 1326 1682 cadere
1354 1615 1388 1680 in
1415 1614 1571 1700 Propertii
1601 1614 1740 1699 quinque
1768 1615 1892 1701 elegias
1922 1616 1956 1681 in
1985 1623 2134 1700 promptu

318 1728 376 1806 est,
406 1721 469 1788 nisi
492 1719 578 1805 quod
602 1719 641 1786 cl.
667 1720 693 1805 I,
718 1722 760 1785 69
785 1719 876 1804 ,dies‘
902 1741 938 1786 se
962 1727 1161 1786 cantaturum
1185 1721 1339 1806 promittit
1361 1729 1476 1808 poeta;
1507 1723 1569 1789 hoc
1591 1729 1699 1789 autem
1721 1721 1794 1807 ipso
1818 1743 1912 1790 versu
1936 1743 2008 1790 cum
2031 1722 2133 1790 dicat:

693 1827 806 1911 ,Sacra
831 1825 965 1911 diesque
989 1847 1104 1894 canam
1129 1836 1162 1896 et
1185 1831 1378 1914 cognomina
1401 1830 1508 1916 pn'sca
1529 1830 1721 1914 locorum,‘

316 1935 518 2021 impedimur,
548 1933 719 2018 quominus
747 1935 806 1999 toti
829 1941 1010 2001 nostrarum
1033 1935 1209 2019 elegiarum
1238 1936 1347 2004 libello
1377 1937 1502 2003 titulum
1528 1936 1642 2003 demus
1673 1935 1825 2022 ,Diemm‘
1854 1937 1907 2004 vel
1935 1937 2135 2022 ‚Fastorumi

317 2045 366 2109 An
383 2041 551 2127 qnisquam
575 2047 667 2127 putat
684 2040 889 2125 ‚cognomina
905 2042 1015 2126 prisca
1033 2042 1185 2109 locorum‘
1208 2043 1366 2129 pertinere
1388 2044 1432 2110 ad
1457 2044 1626 2111 Fastorum
1646 2041 1916 2129 descriptionem?
1954 2042 1993 2111 Id
2009 2065 2135 2129 quoque

319 2152 361 2217 ah
385 2150 470 2216 illius
494 2149 674 2216 sententiae
690 2149 907 2216 assectatione
931 2169 990 2216 nos
1015 2149 1164 2236 deterret,
1190 2151 1277 2236 quod
1299 2172 1393 2218 versu
1418 2155 1469 2217 57.
1494 2151 1642 2237 ,moenia‘
1667 2151 1897 2236 dispositurum
1915 2172 1951 2219 se
1971 2151 2136 2237 profitetur

316 2265 424 2345 poeta.
471 2257 618 2341 Denique
657 2256 685 2322 si
718 2276 844 2323 omnem
887 2257 1024 2341 quinque
1062 2258 1205 2342 illarum,
1237 2280 1318 2343 quas
1359 2260 1476 2326 Sextus
1526 2259 1665 2343 reliquit,
1712 2258 1889 2342 elegiamm
1926 2258 2067 2326 indolem
2105 2267 2138 2326 et

318 2367 469 2433 habitum
493 2364 673 2432 accuratius
689 2364 896 2449 contemplati
913 2365 1040 2450 erimus,
1065 2365 1254 2450 ‚Fastornm‘
1279 2366 1348 2433 sive
1364 2367 1514 2452 ,Disrum‘
1538 2365 1646 2433 indice
1670 2386 1728 2433 eas
1750 2366 2024 2452 comprehendere
2042 2367 2137 2434 nimis

319 2473 466 2540 nimirum
490 2471 718 2557 dubitabimus,
744 2471 819 2555 quin
845 2471 942 2538 etiam
965 2472 1154 2539 relabimur.

476 2580 582 2646 Aliam
599 2579 640 2646 de
656 2579 789 2646 consilio
805 2578 929 2646 illorum
945 2579 1119 2646 carminum
1134 2581 1327 2647 sententiam
1341 2581 1472 2666 protulit
1482 2580 1555 2647 Chr.
1568 2579 1811 2647 Luctiohannes
1821 2579 2131 2660 (Commentsdoncs

318 2687 559 2774 Propertianae,
584 2686 691 2752 Kiliac
718 2689 814 2771 1869,
838 2707 867 2772 p.
891 2687 958 2772 47),
983 2708 1054 2752 cum
1079 2687 1337 2773 ,Perlegesin‘
1362 2708 1442 2772 quae
1466 2687 1582 2754 dicitnr
1608 2688 1697 2754 urbis
1728 2689 1852 2754 Romae
1880 2707 2073 2772 componere
2101 2687 2134 2752 in

317 2796 424 2862 animo
441 2793 593 2860 habuisse
611 2793 808 2878 Propertium
825 2793 1042 2861 contenderet.
1073 2794 1166 2873 Quod
1186 2803 1220 2861 ut
1238 2797 1444 2881 coniectaret,
1463 2815 1580 2880 nempe
1590 2793 1761 2861 commovit
1770 2815 1843 2861 eum
1862 2794 1986 2879 primae
2002 2794 2131 2879 elegiae

316 2921 430 2970 versus
456 2906 490 2968 1:

663 3007 754 3093 ‚Hoc,
779 3006 1000 3093 quodcumque
1023 3008 1126 3094 vides,
1150 3009 1309 3095 hospes,
1334 3030 1398 3094 qua
1421 3008 1563 3075 maxima
1585 3010 1686 3074 Roma
1709 3011 1780 3095 est,‘

318 3116 373 3183 ubi
392 3122 490 3201 poeta
509 3113 670 3200 hospitem
688 3113 815 3181 videtur
832 3115 961 3199 alloqui.
1007 3115 1255 3184 Evidentissime
1273 3123 1379 3184 autem
1402 3116 1564 3200 falluntur,
1588 3116 1616 3182 si
1639 3117 1693 3200 qui
1716 3115 1758 3182 de
1780 3115 1843 3182 hoc
1865 3115 1962 3182 illovc
1986 3114 2130 3200 cogitant

318 3223 460 3308 hospite;
491 3223 586 3288 immo
620 3223 715 3288 utitur
747 3229 856 3289 noster
886 3222 1032 3309 artificio,
1065 3224 1150 3308 qnod
1179 3223 1309 3310 saepius
1339 3223 1494 3291 adhihent
1523 3229 1651 3310 poetae,
1685 3229 1720 3290 ut
1747 3221 1963 3289 ardentiorem
1993 3221 2134 3288 reddant

319 3331 496 3398 orationem
527 3329 806 3414 fervidiorcmqne,
840 3329 994 3415 imprimis
1032 3329 1063 3396 in
1097 3331 1144 3398 eis
1177 3333 1384 3418 argumentis,
1418 3331 1533 3416 quibus
1566 3329 1687 3414 aliquid
1721 3329 1879 3397 adhaeret
1911 3328 2135 3396 sollemnitatis

320 3438 413 3505 Velut
436 3436 653 3504 Callimachus
680 3437 771 3504 initio
800 3436 960 3521 carminis,
994 3437 1081 3523 quod
1104 3459 1125 3503 a
1148 3437 1346 3506 Schneidero
1373 3439 1437 3525 (11,
1461 3459 1493 3524 p.
1521 3441 1596 3519 144)
1624 3439 1718 3524 γάμος
1748 3435 1897 3524 Ἀρσινόης
1927 3436 2134 3522 appellatum,

319 3552 379 3631 cst,
409 3543 546 3613 eandem
570 3545 603 3610 in
626 3565 717 3611 usum
741 3551 836 3611 vocat
859 3551 960 3612 artem
984 3545 1219 3630 procamiandi:

802 3651 969 3739 ‚brientina
995 3654 1019 3717 ὦ
1045 3654 1154 3732 ξεῖνε,
1179 3654 1274 3739 γάμον
1297 3651 1500 3741 καταβάλλομ’
1527 3653 1659 3717 detheca}

478 3759 580 3826 Simili
604 3758 729 3827 ratione
752 3780 816 3827 non
840 3759 966 3826 dubitat
990 3760 1037 3826 vir
1060 3759 1184 3845 doctus,
1213 3761 1288 3844 qnin
1316 3781 1358 3827 ex
1385 3760 1489 3826 altera
1513 3759 1619 3844 elegia
1646 3758 1749 3844 possit
1770 3759 1838 3844 peti
1862 3758 2009 3826 columen
2032 3757 2127 3824 huius

319 3866 500 3934 sententiae
518 3867 707 3934 Vertumnus
731 3868 906 3951 loquens.
953 3867 1019 3934 Sed
1043 3888 1084 3934 ne
1107 3869 1140 3932 iu
1163 3867 1225 3933 hoc
1252 3867 1381 3952 quidem
1410 3866 1551 3934 carmine
1578 3885 1660 3933 unus
1689 3867 1823 3950 quilibet
1851 3865 1958 3950 homo,
1987 3884 2123 3950 quocum

319 3994 498 4041 sermonem
528 3974 650 4041 habeat
673 3973 764 4059 dens,
798 3975 987 4042 statuendus
1018 3982 1081 4061 est,
1113 3976 1219 4060 potius
1243 3975 1449 4042 Vertumnum
1473 3974 1514 4040 de
1538 3995 1597 4041 sua
1621 3973 1745 4058 origine
1769 3981 1802 4039 et
1824 3980 1939 4040 natura
1962 3973 2128 4039 viridioris

318 4079 543 4148 tantummodo
563 4081 681 4149 coloris
697 4101 797 4148 causa
812 4080 921 4148 induci
937 4081 1096 4150 dicentem
1113 4104 1222 4149 coram
1237 4083 1331 4148 turha
1345 4089 1459 4167 togata
1480 4088 1555 4148 ante
1575 4080 1677 4166 pedes
1694 4101 1770 4148 suos
1783 4087 1979 4165 transeunte,
1989 4080 2133 4165 seqnitur

321 4209 392 4256 cunr
427 4210 445 4255 e
484 4189 632 4256 versibus
668 4192 744 4254 bet
767 4191 821 4268 56,
855 4196 921 4254 tum
950 4189 1137 4256 eversihus
1175 4193 1218 4255 57
1248 4210 1308 4275 sq,
1341 4190 1394 4256 ubi
1428 4189 1508 4256 deus
1541 4189 1644 4256 civem
1678 4187 1839 4273 quendam
1872 4188 1917 4254 ad
1948 4187 2133 4255 vadimonia

320 4303 499 4363 currentem
539 4295 656 4362 morari
700 4317 736 4363 se
778 4296 864 4363 nolle
908 4297 963 4363 ait.
1026 4299 1095 4364 Nec
1134 4298 1304 4381 quicquam
1343 4297 1479 4381 colligas
1517 4315 1589 4362 cum
1622 4295 1844 4362 Luctiohanne
1884 4316 1902 4362 e
1943 4294 2132 4380 pronomine

321 4403 571 4470 demonstrativo
596 4402 669 4488 ‚hic‘
693 4403 747 4489 (el.
774 4404 798 4487 l,
823 4401 874 4490 5):

815 4510 991 4595 ,Fictilibus
1015 4532 1146 4580 crevere
1170 4511 1242 4579 deis
1266 4511 1362 4578 haec
1386 4532 1485 4578 aurea
1508 4511 1650 4596 templa!

482 4636 601 4719 ,Haec
624 4655 725 4702 aurea
747 4636 879 4721 templa‘
902 4657 967 4703 non
984 4636 1028 4703 ad
1043 4637 1148 4704 locum
1164 4645 1324 4722 spectare,
1356 4637 1415 4704 sed
1444 4636 1487 4703 ad
1514 4643 1640 4722 tempus
1668 4636 1758 4722 („die
1781 4635 1926 4720 Tempel,
1951 4633 2004 4700 die
2024 4637 2135 4718 jetzt

323 4763 384 4808 von
401 4741 486 4807 Gold
507 4741 726 4827 strahlen“)¹),
750 4743 980 4810 sententiarum
1000 4753 1124 4811 conexu
1141 4745 1352 4829 cognoscitur.
1399 4745 1534 4829 Insuper
1557 4744 1683 4830 codem,
1717 4765 1810 4829 quem
1833 4743 1866 4808 in
1891 4741 2132 4808 Lachmannum

322 4849 540 4935 produximus,
570 4870 665 4916 versu
691 4850 790 4917 everti
813 4850 939 4917 videtur
962 4850 1193 4918 Luetiohaunis
1227 4852 1346 4937 opinio,
1389 4850 1462 4919 dico
1493 4852 1617 4938 primae
1641 4852 1768 4936 elegiae
1793 4872 1821 4917 v.
1851 4853 1903 4917 69.
1953 4850 2023 4929 Quo
2049 4849 2132 4915 enim

206 4997 209 5005 ‚
323 4963 419 5043 pacto
444 4956 535 5041 ‚dies‘
560 4957 664 5042 redigi
683 4958 808 5043 possint
824 4959 883 5024 suh
902 4958 1110 5044 periegeseos
1130 4959 1292 5046 propriam
1311 4959 1484 5046 notionem,
1508 4959 1562 5026 vix
1582 4959 1751 5044 quisquam
1767 4958 1935 5042 intellegit.

484 5136 504 5195 ¹)
532 5136 672 5190 'Ruthstcin
692 5137 732 5192 cul.
752 5139 815 5192 blm.
837 5137 871 5202 ll,
892 5153 917 5204 p.
940 5141 1004 5203 1683
1024 5138 1059 5191 cf.
1079 5137 1210 5204 Krahnsr,
1231 5137 1324 5193 Philol.
1344 5141 1406 5193 tom.
1426 5137 1544 5196 xxvii.
1565 5153 1589 5205 p.
1610 5142 1643 5191 66
1654 5153 1693 5205 sq.
