4930 5978
1282 429 1302 492 8

382 645 609 730 Propertianis‘
635 641 920 710 commentationes
943 641 1123 720 (Vratislav.
1158 645 1259 714 1888ς
1289 642 1393 707 altera
1415 640 1574 725 particula
1594 639 1713 723 publici
1737 639 1814 705 iuris
1837 639 1925 706 facta
1949 651 2000 707 est
2016 641 2197 728 Glogoviae

388 752 494 836 1886),
521 751 574 834 qui
600 751 790 815 Romanas
816 748 944 815 tabulas
970 749 1115 814 consulto
1143 769 1164 814 a
1188 749 1254 816 suis
1281 748 1522 833 quaestionibus
1548 746 1729 813 excluserat
1758 753 1800 831 (p.
1830 752 1869 831 1),
1904 750 2034 836 explere
2061 750 2199 817 instituit

382 858 542 925 'Puerlxius
572 864 668 940 atque
695 857 728 920 in
757 855 938 921 universum
966 862 1064 938 reete,
1104 876 1187 938 quae
1217 862 1345 922 exstant
1368 855 1456 940 apud
1480 855 1662 939 scriptores,
1696 874 1829 938 quorum
1860 856 1933 921 libri
1966 866 2135 925 versantur
2165 859 2198 924 in

382 964 625 1048 antiquitatibus
643 963 806 1047 Romanis,
831 961 1011 1046 composuit
1034 983 1103 1028 curn
1120 963 1277 1047 Propertii
1297 962 1454 1029 similibus
1473 961 1553 1028 locis
1582 960 1720 1045 indeque
1752 963 1968 1030 coniecturam
1989 965 2030 1032 de
2056 965 2198 1034 fontibus

383 1072 508 1139 illarum
533 1072 708 1156 elegiarum
733 1071 828 1154 cepit.

544 1177 610 1245 Sed
653 1198 723 1244 cum
766 1177 874 1242 statim
908 1176 939 1240 in
979 1176 1088 1242 limine
1124 1176 1349 1262 disputationis
1382 1183 1592 1262 praemoneat
1619 1175 1792 1242 'l’uerlxiusz
1835 1177 1966 1261 ,Magna
2000 1180 2117 1264 cautio,
2152 1200 2194 1246 ne

382 1287 498 1352 nimius
513 1287 573 1353 sim
588 1285 621 1350 in
638 1283 853 1368 disquirendis
869 1283 1063 1368 auctoribus,
1087 1284 1164 1350 mibi
1180 1283 1369 1351 adhibenda
1385 1285 1453 1367 est’,
1469 1304 1510 1350 ne
1526 1303 1585 1348 nos
1602 1281 1731 1367 quidem
1746 1283 1812 1348 iam
1829 1286 1964 1351 eundem
1977 1287 2198 1370 quaestionem

383 1402 524 1460 moturos
549 1400 581 1460 et
604 1394 714 1475 aliqua
738 1390 866 1476 quidem
891 1411 930 1456 ex
954 1398 1046 1475 parte
1072 1392 1305 1477 recognituros,
1339 1393 1370 1456 in
1404 1412 1500 1476 qnam
1527 1390 1682 1455 lubricam
1711 1390 1897 1457 descensuri
1926 1393 2023 1460 simus
2053 1415 2194 1474 arenam,

384 1501 473 1586 fugit.
499 1501 582 1566 Nam
593 1509 626 1566 et
635 1499 831 1584 paucitatem
850 1498 1114 1581 aetiologicorum
1125 1499 1299 1566 carminum
1310 1497 1560 1581 haudquaquam
1571 1496 1664 1562 nobis
1676 1517 1748 1562 esse
1759 1496 1944 1565 adiumento
1955 1500 2051 1567 modo
2062 1501 2200 1568 diximus

385 1629 491 1692 neque
502 1609 572 1692 ipse
583 1614 691 1692 poeta,
703 1627 786 1690 quae
798 1626 861 1671 non
878 1606 1083 1672 interioris
1100 1614 1208 1672 essent
1221 1607 1397 1690 doctrinae,
1408 1604 1683 1688 lacileignoravit.
1708 1603 1878 1682 Quaecum
1896 1605 1936 1673 de
1950 1626 2016 1674 suo
2034 1608 2200 1677 doctrinae

384 1737 467 1800 penu
500 1713 718 1798 desumpsisse
748 1711 909 1797 putandus
940 1713 990 1798 sit,
1021 1713 1054 1778 in
1086 1713 1135 1780 his
1164 1713 1363 1798 Propertium
1394 1712 1437 1779 ad
1468 1718 1588 1778 certum
1618 1717 1781 1778 auctorem
1805 1712 1954 1797 redigere
1982 1715 2198 1798 gravabimur.

384 1821 554 1887 Difficilior
578 1821 673 1887 etiam
698 1841 750 1886 res
774 1841 812 1886 eo
836 1819 881 1904 fit,
916 1820 1002 1903 quod
1026 1827 1182 1904 poetam
1207 1841 1266 1886 sua
1290 1840 1380 1888 usum
1405 1840 1499 1904 quam
1525 1820 1656 1904 egregia
1687 1838 1798 1885 omnes
1829 1821 1974 1887 norimus
2004 1831 2084 1908 arte,
2117 1843 2201 1907 quae

383 1929 502 1995 tradita
525 1928 700 2006 invenerat,
732 1928 863 2011 saepius
887 1947 1063 1994 exornasse
1092 1935 1147 1993 aut
1177 1936 1318 1994 mutasse
1335 1935 1587 1994 consentaneum
1611 1935 1669 1992 est.
1716 1927 1833 1992 Verum
1858 1927 2020 1994 enimvero
2045 1931 2197 2013 quicquid

384 2035 425 2103 de
449 2037 510 2102 hoc
534 2035 691 2118 statuitur,
715 2034 791 2100 licet
814 2055 877 2099 non
901 2035 970 2100 sine
995 2034 1104 2118 aliqua
1127 2034 1184 2100 liat
1207 2035 1360 2100 audacia:
1385 2032 1646 2119 quandoquidem
1669 2034 1752 2100 baec
1772 2035 1918 2116 quaestio
1940 2035 2060 2100 institui
2083 2044 2200 2120 coepta

384 2151 444 2228 est,
468 2142 531 2227 ipsi
554 2161 680 2226 quoque
704 2140 841 2236 eandem
866 2142 952 2207 viam
976 2140 1102 2225 ingredi
1126 2142 1212 2206 nullo
1237 2149 1332 2225 pacto
1357 2147 1512 2209 vetamur.

544 2248 725 2315 Videamus
752 2248 857 2332 igitur,
889 2247 966 2331 quid
995 2248 1140 2332 posuerit
1171 2249 1329 2314 Tuerlrius
1361 2249 1402 2315 de
1433 2248 1617 2315 auctoribus
1648 2247 1749 2314 Sexti.
1804 2249 1851 2313 Ac
1874 2247 1986 2314 scribit
2007 2270 2037 2333 p.
2065 2251 2115 2316 16.
2139 2269 2200 2332 sq:

384 2357 469 2436 ,Nou
493 2356 605 2421 mirum
630 2362 680 2422 est
701 2355 900 2440 Propertium
925 2355 1063 2421 maxime
1088 2355 1131 2420 ad
1155 2361 1362 2422 Varronem
1386 2375 1458 2422 sese
1482 2355 1686 2440 applicasse;
1711 2354 1795 2420 buno
1823 2354 1907 2419 enim
1942 2375 2013 2422 cum
2037 2355 2201 2421 Aetiorum

383 2464 498 2530 librum
528 2462 782 2547 conscripsisset,
816 2482 878 2545 quo
909 2468 1051 2528 veterum
1079 2463 1292 2529 institutorum
1322 2463 1479 2546 originem
1510 2481 1690 2545 causasque
1721 2469 1925 2547 exposuerat,
1954 2463 2042 2548 apud
2073 2470 2201 2530 veteres

385 2570 526 2637 maxima
556 2570 747 2636 auctoritate
775 2589 867 2634 usum
898 2589 981 2648 esse,
1013 2575 1148 2636 testatur
1179 2569 1291 2637 Cicero
1324 2569 1424 2636 Acad.
1455 2570 1540 2636 Post.
1576 2570 1602 2654 l,
1635 2573 1666 2654 3,
1700 2573 1720 2634 9
1753 2569 1956 2649 (exscribitur
1984 2567 2036 2636 hic
2064 2570 2200 2637 locusa

384 2677 547 2758 Tuerkio).
608 2677 720 2744 blerito
756 2677 852 2761 igitur
887 2675 1037 2742 Venonis
1076 2676 1196 2762 scripta
1226 2677 1314 2762 apud
1344 2697 1466 2759 omnes,
1509 2677 1563 2760 qui
1594 2676 1777 2760 antiquitati
1810 2678 1977 2744 Romanae
2016 2676 2200 2763 studebant,

384 2785 557 2851 maximam
591 2784 656 2850 rim
684 2785 866 2850 babuerunt
897 2789 930 2850 et
961 2782 1204 2850 fundamentum
1236 2784 1349 2868 omnis,
1382 2803 1465 2868 quae
1498 2783 1637 2867 pertinet
1667 2783 1711 2849 ad
1742 2804 1794 2850 res
1826 2785 1999 2868 Romanas,
2033 2783 2200 2850 doctrinae

385 2893 526 2976 fuerunt;
559 2891 698 2957 maxime
726 2877 845 2957 'autem
876 2890 1048 2975 scriptores
1081 2890 1295 2957 ecclesiastici
1328 2911 1399 2957 eum
1433 2890 1527 2973 quasi
1559 2891 1661 2956 instar
1692 2891 1832 2957 cuiusvis
1874 2891 2029 2958 scientiae
2059 2891 2201 2958 venerati

385 3000 538 3066 Varronis
561 2998 661 3064 libros
686 2997 930 3082 exscripserunt.
971 2996 1066 3075 Quod
1090 3005 1268 3082 opportune
1291 2997 1412 3064 factum
1435 3004 1501 3083 est3
1525 3019 1600 3064 nam
1625 3018 1696 3064 cum
1721 2998 1874 3064 Varronis
1898 2999 2050 3066 librorum
2073 2998 2201 3083 plurimi

386 3114 493 3174 aetate
517 3105 681 3190 perierint,
712 3105 775 3170 illis
798 3105 889 3189 locis,
922 3104 1036 3188 quibus
1060 3105 1255 3188 posteriores
1289 3106 1461 3190 scriptores
1492 3127 1563 3172 cum
1593 3106 1760 3190 Propertio
1789 3107 2026 3173 consentientes
2057 3107 2200 3173 Varrone

384 3221 514 3280 anctore
538 3213 588 3278 usi
612 3220 695 3297 sunt,
719 3213 817 3278 etiam
840 3211 1040 3296 Propertium
1064 3234 1084 3278 a
1110 3213 1253 3280 Varrone
1277 3211 1419 3297 pendere
1442 3213 1510 3280 iure
1535 3212 1751 3296 colligendum
1775 3220 1832 3280 est.

547 3319 720 3403 Maioris,
745 3339 855 3402 quam
879 3317 1003 3386 adbuc
1026 3319 1223 3403 cognitum
1248 3329 1321 3404 est,
1345 3319 1530 3405 ponderis
1554 3321 1589 3387 Τ.
1614 3320 1718 3386 Livii
1741 3320 1788 3386 ab
1813 3323 1905 3387 urbe
1930 3319 2089 3387 condita
2109 3319 2202 3385 libri

386 3427 434 3494 ad
457 3427 614 3495 fabulas
638 3425 895 3493 illustrandas
919 3426 1098 3493 videntur
1126 3425 1265 3513 luisse3
1295 3449 1366 3494 cnm
1391 3427 1476 3495 enim
1499 3428 1623 3512 priores
1646 3427 1718 3493 libri
1741 3428 1805 3513 ipsi
1828 3428 1986 3496 rhetorice
2017 3434 2049 3494 et
2071 3427 2200 3513 poetice

386 3535 532 3602 exornati
551 3535 585 3599 in
605 3532 724 3600 rabulis
744 3533 884 3617 antiquis
906 3541 1080 3618 versentur,
1105 3535 1177 3602 lieri
1199 3556 1263 3602 non
1279 3537 1391 3621 potuit,
1416 3535 1492 3619 quin
1508 3542 1633 3620 poetas,
1658 3543 1693 3601 ut
1718 3555 1775 3602 eas
1805 3535 1950 3602 versibus
1975 3535 2200 3619 exprimerent,

386 3663 449 3709 non
474 3643 576 3709 solum
600 3641 779 3726 incitarent,
804 3641 984 3708 sedetiam
1008 3641 1055 3707 eis
1078 3642 1364 3727 locupletissimam
1387 3643 1515 3728 copiam
1538 3642 1697 3709 offerrent.

546 3749 585 3814 Id
609 3769 688 3815 sane
711 3769 776 3814 non
800 3748 979 3814 mirandum
1003 3757 1061 3832 est,
1092 3750 1290 3834 Propertium
1314 3751 1504 3836 saepissime
1539 3769 1595 3817 eos
1618 3756 1734 3835 poetas
1767 3749 1923 3815 imitatum
1952 3769 2034 3826 esse,
2069 3766 2201 3831 quorum

386 3857 577 3942 exemplum,
600 3863 635 3920 ut
657 3855 783 3939 patriae
807 3855 942 3922 serviret
966 3857 1155 3941 antiquitate
1179 3857 1411 3943 praedicanda,
1441 3857 1484 3924 ad
1513 3878 1584 3924 eum
1608 3856 1800 3943 pertinuisse
1821 3876 2011 3942 persuasum
2034 3855 2201 3936 habemus,

388 3963 620 4048 Vergilium
645 3970 677 4028 et
699 3963 925 4028 Tibullum.

548 4069 671 4148 Quibus
695 4071 842 4137 omnibus
867 4077 1018 4154 quantum
1043 4071 1162 4138 debeat
1185 4071 1378 4156 Propertius’
1403 4093 1509 4157 e.q.s.

549 4177 835 4244 Varronianae
858 4178 1013 4262 imprimis
1037 4178 1203 4245 doctrinae
1227 4179 1365 4264 vestigia
1389 4180 1464 4263 quin
1486 4179 1645 4264 impressa
1668 4177 1775 4245 ferant
1797 4177 1956 4262 Propertii
1972 4175 2110 4259 elegiae,
2136 4195 2201 4240 non

389 4287 453 4353 iam
476 4285 597 4370 ambigi
620 4305 718 4371 posse
742 4284 860 4370 cred03
888 4285 949 4351 etsi
972 4285 1132 4352 'Puerlxius
1155 4307 1382 4371 nonnunquam
1405 4286 1562 4354 audacius
1593 4286 1676 4353 iusto
1700 4307 1767 4353 rem
1791 4285 1868 4370 egit,
1900 4283 1934 4349 id
1962 4282 2048 4368 quod
2083 4283 2202 4367 optimo

388 4395 456 4459 iure
480 4393 519 4459 G.
544 4393 733 4460 Knaaokius
756 4393 788 4472 (l.
812 4393 833 4459 l.
858 4413 889 4478 p.
915 4393 994 4478 402)
1017 4401 1134 4478 monet,
1159 4394 1211 4477 qui
1235 4394 1342 4478 pergit
1363 4395 1471 4460 verbis
1495 4394 1597 4461 hisce:
1623 4394 1836 4479 „Gesicherte
1852 4391 2050 4476 Ergebnisse
2073 4389 2202 4456 werden

390 4508 455 4567 erst
479 4501 531 4566 bei
555 4500 644 4567 einer
666 4499 842 4566 britiscben
857 4501 1075 4586 Bearbeitung
1092 4501 1150 4567 der
1174 4507 1364 4585 lnagmente
1386 4502 1503 4569 Varros
1527 4501 1813 4586 berauslxommen3
1838 4499 1928 4566 diese
1952 4497 2063 4564 Arbeit
2090 4536 2129 4544 -
2149 4516 2204 4561 zur

390 4606 541 4674 Sobande
565 4607 624 4673 der
646 4607 797 4692 beutigen
821 4606 1000 4690 Philologie
1025 4609 1098 4674 sei's
1123 4616 1239 4692 gesagt
1264 4649 1304 4657 -
1329 4607 1413 4675 steht
1436 4611 1520 4674 noob
1544 4629 1612 4674 aus.
1661 4610 1749 4675 Aber
1773 4607 1825 4675 die
1855 4608 2054 4688 Vermutuug
2077 4603 2203 4669 lueres

390 4714 470 4780 wird
493 4714 581 4782 niobt
604 4715 807 4782 abzuweiseu
831 4714 912 4800 sein,
938 4714 1015 4781 dass
1039 4714 1097 4781 auf
1118 4715 1181 4781 den
1205 4715 1434 4800 Sammlungen
1458 4715 1517 4782 des
1541 4715 1707 4799 gelehrtcn
1730 4715 1912 4782 riimischen
1936 4712 2120 4796 Antiquars,
2146 4710 2204 4777 der

390 4823 423 4887 in
447 4823 558 4889 seinen
581 4821 687 4888 Aitien
718 4821 780 4889 den
815 4822 1222 4908 Kallimachosmebrfach
1245 4824 1375 4891 benutzt
1402 4824 1510 4890 baben
1539 4824 1619 4890 wird
1644 4825 1746 4904 (Serv.
1774 4844 1811 4889 zu
1836 4824 1930 4906 Verg.
1958 4821 2038 4886 Aen.
2063 4820 2089 4902 1,
2114 4820 2203 4904 408),

393 4929 446 4996 die
469 4929 649 4996 rbmisohen
666 4930 799 5010 Elegien
828 4929 886 4997 des
911 4931 1124 5014 ,umbriscben
1147 4931 1378 4998 Kallimacbos‘
1407 4931 1607 5016 beruben1).“
1658 4931 1806 4997 Proiecto
1836 4931 1935 4995 nrulta
1960 4936 2087 4995 exstare
2117 4926 2204 5010 apud

554 5167 572 5232 ¹)
601 5165 636 5218 cf.
657 5164 735 5216 etiarn
756 5162 849 5216 Carior.
883 5163 899 5218 l.
920 5163 935 5218 l.
956 5181 980 5230 p.
1006 5169 1071 5216 roso
1090 5181 1127 5231 sq.
1149 5167 1175 5216 et
1196 5163 1391 5230 llrpdeuroielr.
1419 5164 1435 5215 l.
1456 5163 1471 5216 l.
1493 5181 1516 5231 p.
1540 5169 1597 5216 129.
