4930 5978
1207 480 1364 578 ...J-4...

381 694 514 762 fabulae
538 732 579 744 -
610 693 858 760 transformatae
891 692 1020 776 quidem
1052 692 1085 757 in
1119 692 1300 758 universum
1332 688 1479 774 elegiaco
1517 709 1606 756 more
1634 710 1656 755 a
1683 696 1782 774 pocta
1811 727 1852 739 —
1883 685 2044 757 eundbm
2077 689 2198 757 fontem

380 803 594 887 statuendum,
629 801 787 868 Livianae
820 807 928 867 autem
965 800 1164 868 auctoritatis
1196 805 1305 866 notam
1338 797 1468 864 minime
1503 796 1693 864 inurendam
1716 805 1834 883 poetae
1867 805 1976 883 putem
2016 798 2198 866 obluctatus

378 909 531 995 Tuerlrio,
556 909 611 993 qui
634 908 685 974 bis
707 908 770 975 hoc
793 906 866 975 fieri
889 908 966 974 vult.

539 1127 670 1194 Transit
692 1124 851 1193 Tuerlrius
875 1125 919 1192 ad
943 1124 1080 1210 elegiam
1101 1142 1248 1208 nonam,
1272 1143 1355 1207 quae
1378 1120 1510 1189 inscribi
1532 1127 1640 1207 potest
1664 1120 1726 1206 ,De
1750 1119 1909 1188 Hercule‘.
1941 1121 1980 1186 ln
1996 1121 2058 1188 boc
2073 1141 2199 1206 quoque

380 1236 521 1302 carmine
543 1235 713 1302 Livianam
738 1233 849 1301 olfacit
873 1233 1061 1318 doctrinam,
1095 1253 1190 1316 quam
1216 1251 1280 1315 qua
1313 1236 1363 1298 est
1395 1228 1576 1314 sagacitate
1610 1227 1773 1294 affirmare
1806 1228 1922 1302 studet,
1969 1227 2065 1308 Quod
2096 1235 2200 1295 utrum

379 1342 586 1427 habeatque
610 1342 707 1408 tutari
729 1342 833 1427 possit
856 1362 970 1426 necne,
995 1341 1059 1408 iam
1083 1359 1261 1408 cernamus.

537 1469 587 1534 Ac
618 1468 702 1534 duae
732 1467 864 1534 fabulae
892 1467 1071 1534 Herculeae
1103 1465 1336 1548 coniunguntur
1365 1482 1386 1527 a
1409 1460 1589 1546 Propertio:
1618 1480 1729 1544 pugna
1757 1459 1842 1527 illius
1873 1460 1982 1528 herois
2011 1481 2081 1529 cunr
2111 1463 2198 1529 Caco

386 1577 511 1643 latrone
535 1583 568 1642 et
589 1575 666 1642 Fori
694 1575 804 1641 Boarii
829 1574 1040 1660 consecratio,
1073 1571 1244 1659 postmodo
1280 1575 1442 1636 conamen
1475 1567 1624 1634 Herculis
1656 1587 1728 1634 cnm
1760 1567 1930 1634 sacerdote
1962 1568 2074 1635 Bonae
2106 1570 2200 1636 Deae

380 1685 528 1768 Araeque
552 1683 715 1750 Maximae
739 1683 934 1772 constitutio.

541 1808 636 1875 Initio
660 1807 898 1894 disputationis,
927 1806 1014 1891 quod
1034 1807 1173 1874 Sancum
1190 1826 1263 1874 esse
1287 1802 1426 1869 eundem
1451 1802 1547 1868 deum
1576 1809 1672 1885 atque
1696 1801 1868 1868 Herculem
1891 1802 2074 1887 Propertius
2103 1801 2191 1868 dicat

386 1917 621 1984 Varronianam
644 1937 723 2002 prae
748 1936 783 1982 se
806 1914 890 1983 ferre
914 1914 1167 2002 persuasionem,
1196 1914 1309 1980 merito
1333 1916 1442 1976 monet
1464 1908 1634 1975 lberkius.
1680 1907 1808 1975 Deinde
1836 1909 1983 1975 Herculis
2012 1929 2084 1976 cum
2113 1908 2199 1976 Caco

382 2045 524 2110 pugnam
568 2031 771 2111 pertractans
810 2022 984 2108 Vergilium
1022 2029 1055 2089 et
1101 2022 1228 2088 Livium
1275 2023 1423 2088 auctores
1469 2016 1605 2101 imputat
1644 2023 1762 2101 poetae
1805 2015 1855 2082 his
1899 2016 2006 2082 verbis
2052 2017 2097 2102 (p.
2131 2019 2199 2098 36):

386 2131 537 2218 ,Quorum
564 2133 645 2213 (scil.
669 2131 803 2217 Vergilii
827 2137 860 2198 et
882 2131 980 2218 Livii)
1008 2151 1080 2197 curn
1107 2131 1272 2216 Propertio
1297 2131 1388 2190 tanta
1416 2123 1590 2190 similitudo
1619 2130 1679 2208 est,
1708 2129 1742 2188 ut
1765 2122 1809 2190 ad
1838 2143 1894 2190 eos
1923 2123 1999 2207 quin
2028 2124 2202 2192 accesserit

381 2260 445 2306 non
469 2239 600 2306 dubium
623 2239 686 2306 sit‘

545 2365 678 2450 Vergilii
711 2364 851 2449 quidem,
880 2371 914 2429 ut
936 2362 999 2430 hoc
1022 2363 1135 2450 paucis
1164 2365 1342 2451 absolvam,
1371 2365 1465 2432 huius
1493 2363 1624 2433 fabulae
1647 2365 1864 2433 narrationem
1892 2373 1967 2432 ante
1995 2364 2105 2432 oculos
2132 2386 2198 2431 ver·

388 2479 495 2540 satam
521 2492 593 2539 esse
616 2479 737 2556 nostro,
761 2471 795 2536 in
817 2477 896 2537 nota
918 2492 959 2537 ac
983 2470 1157 2538 decantata
1179 2471 1292 2539 horum
1314 2482 1483 2558 poetarum
1506 2473 1662 2540 societate
1685 2493 1744 2559 per
1766 2493 1802 2540 se
1825 2473 2001 2559 putandum
2024 2492 2097 2539 esse
2120 2491 2201 2538 unus

383 2580 518 2664 quisque
543 2578 715 2665 coneedet;
739 2578 793 2662 qui
816 2577 909 2645 buius
932 2579 979 2644 rei
1003 2578 1165 2646 studiosus
1182 2581 1268 2646 volet
1292 2600 1376 2660 esse,
1400 2601 1473 2647 eum
1493 2580 1536 2647 ad
1555 2580 1732 2648 Tueslrium
1750 2579 1966 2666 Zingerleium
1984 2586 2026 2660 (v.
2042 2586 2105 2646 not.
2118 2600 2149 2665 p.
2162 2581 2196 2668 9)

383 2687 435 2753 all.
471 2687 600 2772 delego,
638 2707 772 2771 quorum
803 2705 904 2772 opera
936 2685 1019 2751 baec
1053 2706 1106 2752 res
1140 2686 1187 2752 ita
1222 2687 1399 2773 explanata
1427 2694 1487 2773 est,
1518 2695 1553 2753 ut
1580 2686 1627 2753 nil
1657 2687 1834 2754 desideres.
1886 2687 1936 2754 De
1959 2686 2067 2754 Livii
2090 2693 2197 2753 autem

382 2793 573 2861 auctoritate
594 2814 658 2860 non
683 2800 732 2861 est
756 2813 812 2860 eur
827 2793 997 2877 quiequam
1014 2792 1189 2877 largiamur
1209 2794 1279 2860 viro
1296 2795 1407 2881 doot03
1431 2795 1506 2863 ride
1522 2794 1617 2862 etiarn
1635 2815 1718 2880 quae
1729 2794 1850 2881 profert
1864 2793 1916 2860 Fr.
1934 2794 2077 2862 Cauerus
2089 2795 2120 2874 (l.
2134 2794 2152 2860 l.
2168 2814 2200 2878 p.

388 2904 499 2981 1581):
535 2901 594 2986 „ln
618 2901 676 2968 der
699 2899 892 2969 Gescbichte
915 2920 979 2967 von
1003 2899 1158 2968 Hercules
1181 2901 1247 2968 uud
1271 2901 1376 2969 Cacus
1398 2902 1480 2969 wird
1503 2901 1575 2970 eine
1597 2885 1912 2985 Vbereinstimmung
1929 2901 1987 2967 mit
2006 2901 2117 2968 Livius
2136 2899 2201 2966 und

386 3007 496 3092 Vergil
528 3007 778 3093 nacbgewiasen
809 3007 889 3092 (scil.
913 3027 934 3072 a
957 3005 1120 3090 Vberbio),
1154 3007 1207 3074 die
1230 3009 1285 3076 bei
1312 3009 1430 3077 beiden
1460 3009 1520 3076 auf
1547 3009 1735 3094 Benntuung
1758 3009 1856 3076 durch
1889 3009 2027 3096 Propera
2058 3009 2201 3076 beruben

383 3114 484 3202 kann,
509 3117 589 3182 aber
612 3135 672 3180 nur
694 3115 748 3182 bei
772 3115 892 3200 Vergil,
920 3113 1019 3199 nicht,
1043 3115 1105 3181 wie
1129 3115 1238 3182 Tuerk
1261 3116 1425 3204 annimmt,
1459 3116 1541 3184 auch
1565 3117 1619 3184 bei
1642 3116 1755 3183 Livius
1787 3116 1931 3183 beruben
1962 3137 2082 3202 muss;
2116 3116 2201 3184 deun

382 3224 485 3291 selbst
507 3223 560 3290 die
582 3222 713 3289 bleinen
734 3205 1091 3306 Vbereinstimmungen
1115 3221 1147 3288 in
1171 3222 1230 3290 der
1251 3223 1347 3291 Form
1373 3224 1503 3290 lriinnen
1524 3223 1622 3290 durcb
1643 3223 1832 3308 Benutzung
1854 3223 1942 3291 einer
1962 3224 2202 3308 gemeinsamen

382 3330 496 3410 Qnelle
525 3328 717 3398 entstanden
740 3328 838 3398 sein.“
894 3328 933 3396 G.
964 3329 1155 3396 Knaaclrius
1179 3351 1306 3415 quoque
1335 3332 1367 3418 (l.
1392 3333 1413 3398 l.
1438 3352 1468 3418 p.
1492 3335 1571 3414 401)
1605 3339 1801 3417 aspernatur
1827 3331 1965 3418 Livium,
2009 3331 2086 3418 ,der
2113 3331 2202 3398 nicht

382 3438 432 3504 als
456 3435 711 3504 Gew‘ahrsmann
735 3435 909 3522 augefdbrt
931 3436 1062 3503 werden
1087 3436 1225 3504 durfte.“

545 3544 637 3625 Quae
660 3544 798 3612 viromm
822 3544 988 3612 doctorum
1011 3543 1132 3610 iudicia
1155 3553 1298 3612 nostrum
1320 3567 1404 3614 nuno
1427 3547 1487 3615 erit
1510 3547 1664 3614 stabilire.

543 3671 679 3738 lnoohat
701 3691 830 3738 carmen
853 3691 972 3737 nonum
995 3670 1127 3738 Sextus:

862 3778 1178 3864 ,Amphitryoniades
1202 3801 1266 3864 qua
1290 3787 1481 3866 tempestate
1504 3780 1659 3849 iuvencos

859 3886 983 3972 Egerat
1005 3908 1026 3951 a
1050 3886 1196 3970 stabulis,
1221 3908 1240 3955 o
1263 3887 1417 3975 Erythea,
1441 3889 1514 3975 tuis,

861 3993 958 4060 Venit
980 4000 1012 4060 et
1035 3993 1079 4060 ad
1102 3993 1212 4080 victor,
1236 4015 1395 4081 pecorosa
1416 3995 1557 4081 Palatia,
1581 4004 1717 4082 montes,

861 4101 903 4166 Et
926 4101 1038 4170 statuit
1059 4098 1176 4182 fessos,
1199 4101 1304 4169 fessus
1329 4103 1464 4189 etipse,
1488 4104 1610 4171 boves!

544 4227 763 4306 Quibuscum
791 4227 940 4294 versibus
965 4236 1175 4312 componatur
1197 4227 1281 4294 Livii
1309 4229 1451 4295 narratio
1475 4229 1558 4296 haec
1587 4229 1755 4314 (1,7,4):
1787 4229 1967 4314 ,Herculem
1996 4228 2030 4294 in
2058 4249 2099 4294 ea
2128 4227 2201 4294 loca

389 4334 541 4421 Geryone
567 4335 756 4421 interempto
781 4336 883 4402 boves
906 4335 987 4401 mira
1010 4335 1119 4420 specie
1143 4336 1295 4420 abegisse
1318 4343 1505 4422 memorant,
1529 4357 1569 4404 ac
1592 4357 1693 4422 prope
1716 4336 1858 4403 Tiberim
1879 4335 2008 4403 fluvium
2032 4386 2040 4402 .
2065 4386 2073 4402 .
2099 4391 2105 4403 .
2128 4335 2200 4401 loco

387 4441 533 4527 herbido,
558 4449 592 4507 ut
616 4441 722 4525 quiete
746 4449 778 4509 et
800 4442 920 4528 pabulo
946 4443 1032 4509 laeto
1056 4441 1203 4510 reficeret
1226 4444 1336 4529 boves,
1362 4451 1404 4510 et
1426 4445 1555 4530 ipsum
1578 4443 1594 4510 f
1598 4463 1726 4512 essum
1749 4443 1803 4510 via
1826 4443 2054 4529 procubuisse!

545 4588 647 4653 Versu
670 4607 756 4654 nono
779 4587 962 4673 Propertius
987 4587 1093 4673 pergit
1115 4585 1180 4653 sic:

841 4713 964 4798 ,Incola
988 4713 1092 4780 Cacus
1117 4718 1196 4797 erat,
1221 4713 1392 4780 metuendo
1417 4721 1527 4798 raptor
1550 4714 1592 4780 ab
1618 4715 1731 4780 antro!

540 4854 657 4923 Ferme
693 4855 897 4923 consentiens
920 4875 992 4923 cum
1019 4875 1058 4922 eo
1087 4855 1166 4921 dicit
1206 4856 1317 4923 Livius
1349 4857 1380 4940 (l.
1413 4858 1465 4942 l.):
1509 4857 1634 4942 ,Pastor
1667 4858 1817 4924 accola
1849 4857 1918 4922 eius
1955 4856 2028 4941 loci,
2071 4855 2199 4922 nomine

383 4961 498 5048 Cacus,
521 4960 613 5029 ferox
635 4962 777 5030 viribus!

543 5105 597 5171 De
624 5104 699 5173 dolo
723 5127 849 5193 quoque
874 5108 917 5174 ad
948 5109 1119 5178 celandum
1143 5109 1303 5177 fortuma
1327 5107 1414 5176 (laco
1438 5106 1584 5174 adhibito
1616 5105 1701 5172 Livii
1734 5126 1805 5172 cum
1832 5105 1998 5191 Propertio
2029 5113 2202 5173 concentus

391 5210 424 5276 in
446 5213 616 5297 propatulo
641 5220 700 5280 est.
746 5215 863 5302 Pangit
885 5224 985 5302 poeta
1007 5217 1049 5300 (v.
1077 5221 1115 5284 11
1142 5216 1216 5302 aqi:
