4930 5978
1184 429 1203 494 9

1111 519 1271 528 ———

283 651 435 730 nostrum,
476 663 561 728 quae
585 649 697 729 aperte
726 641 912 726 conspirant
940 660 1011 708 oum
1045 643 1219 708 enuntiatis
1246 642 1333 708 illius
1365 638 1583 727 polyhistoris,
1617 637 1788 722 diligenter
1818 645 1859 722 et,
1894 635 2002 720 quoad
2034 635 2103 703 fieri

284 759 401 838 potest,
435 751 647 838 probabiliter
676 749 910 817 demonstrarit
942 749 1112 834 Tucrhins,
1146 770 1208 816 neo
1235 771 1270 816 re
1305 749 1411 815 denuo
1445 747 1610 832 pensitato
1643 752 1676 812 et
1707 745 1891 829 ponderata
1922 765 2104 829 possumus,

284 860 360 944 quin
383 859 538 927 cedamus
562 859 595 923 in
626 865 736 943 partes
760 857 819 922 viri
843 855 941 922 docti.
988 856 1090 935 Quem
1120 864 1308 924 concentum
1330 854 1488 941 Propertii
1513 860 1545 920 et
1570 852 1722 920 Varronis
1746 851 1932 936 singillatim
1955 853 2105 938 persequi

286 987 371 1035 nuuc
393 987 459 1034 non
483 973 533 1032 est
556 971 713 1033 nostrum:
739 972 814 1031 acta
837 984 937 1048 agere
954 963 1143 1030 videremur.

448 1092 490 1157 Et
513 1110 707 1175 quamquam
730 1088 860 1156 minime
884 1088 1058 1155 infitiamur
1083 1089 1232 1164 Varronis
1256 1088 1479 1156 auctoritatem
1504 1086 1646 1153 excitare
1669 1084 1854 1152 facillimum
1879 1106 1963 1170 esse,
1988 1085 2041 1169 qui
2065 1085 2106 1151 de

286 1201 374 1268 nulla
397 1219 477 1265 sane
500 1220 536 1265 re
559 1220 632 1265 nou
656 1197 831 1282 scripserit,
855 1197 889 1262 id
912 1204 1021 1263 tamen
1045 1197 1148 1280 quivis
1172 1197 1316 1283 negabit,
1340 1195 1473 1262 sicunde
1491 1201 1560 1260 erat
1574 1192 1764 1273 haurienda,
1788 1192 1985 1259 commodius
2009 1194 2107 1259 talem

288 1306 500 1375 eruditionem
524 1306 667 1391 potuisse
691 1305 812 1371 hauriri
836 1325 933 1388 quam
956 1325 974 1370 e
999 1304 1159 1371 thesauris
1183 1304 1396 1388 undecunque
1420 1300 1597 1367 doctissimi
1619 1302 1834 1367 Romanorum
1856 1300 1926 1384 viri,
1961 1301 2014 1384 qui
2046 1301 2107 1366 lar-

287 1415 452 1499 gissimam
481 1412 674 1480 cuicuimodi
706 1411 898 1496 cognitionis
929 1411 1057 1497 cupiam
1080 1412 1112 1477 in
1138 1412 1278 1477 omnium
1301 1431 1393 1478 usum
1416 1415 1638 1494 proposuerat,
1670 1409 1734 1494 qui,
1770 1416 1802 1474 ut
1829 1407 1999 1492 Augustini
2027 1407 2107 1492 (Cir.

288 1521 342 1588 dei
367 1523 420 1606 Vl,
444 1522 479 1606 2)
503 1521 609 1587 verbis
633 1527 769 1604 utamur,
800 1525 876 1602 ,tam
909 1519 1008 1585 multa
1032 1519 1121 1603 legit,
1149 1527 1182 1585 ut
1206 1519 1329 1604 aliquid
1353 1519 1384 1586 ei
1407 1519 1548 1585 scribere
1572 1537 1710 1584 vacasse
1734 1517 1893 1600 miremur,
1917 1523 1984 1581 tam
2009 1515 2108 1582 multa

289 1628 428 1714 scripsit,
453 1649 550 1712 quam
581 1627 681 1692 multa
714 1626 768 1692 vix
799 1646 991 1710 quemquam
1014 1626 1124 1711 legere
1148 1627 1293 1711 potuisse
1317 1625 1539 1706 credamus‘1)

453 1752 489 1819 Si
522 1773 598 1820 vero
633 1771 693 1818 nos
721 1751 904 1835 insequenti
938 1751 1162 1836 disquisitione
1196 1772 1360 1819 numerum
1391 1752 1534 1819 locorum
1566 1750 1667 1817 nostri
1699 1755 1817 1836 poetae
1851 1769 1922 1816 cum
1955 1748 2108 1815 Varronis

292 1861 439 1927 doctrina
462 1857 756 1945 componendorum
780 1880 839 1944 per
855 1861 1013 1943 ambages
1036 1860 1088 1926 vel
1112 1859 1298 1927 circuitione
1322 1859 1463 1945 quadam
1487 1859 1611 1926 aucturi
1634 1857 1822 1938 videbimur,
1847 1857 1930 1923 hunc
1954 1874 2109 1922 summum

291 1969 390 2034 nostri
415 1966 670 2034 commentarioli
693 1966 828 2032 fructum
852 1966 1013 2034 ducemus.

452 2092 565 2171 Quae
589 2098 698 2158 autem
723 2091 876 2158 Varronis
894 2092 1014 2176 scripta
1037 2092 1070 2157 in
1084 2113 1177 2159 usum
1193 2091 1359 2160 vocaverit
1377 2091 1571 2177 Propertius,
1596 2091 1706 2157 inutile
1717 2097 1749 2157 et
1764 2091 1807 2156 ab
1826 2111 1861 2156 rc
1879 2097 1929 2156 est
1943 2109 2109 2173 quaerere.

293 2199 495 2282 Quamquam
526 2198 577 2281 (cl.
601 2198 829 2283 Heydenreieh
853 2199 874 2263 1.
898 2198 918 2263 1.
941 2220 972 2285 p.
999 2202 1075 2286 129)
1108 2201 1268 2267 lberlrius
1301 2201 1333 2265 in
1357 2199 1420 2266 fine
1445 2198 1671 2285 disputationis
1695 2218 1767 2265 eum
1791 2197 1901 2265 adisse
1925 2196 1966 2264 de
1982 2197 2110 2282 Lingua

292 2306 423 2390 Latina,
448 2305 489 2373 de
514 2305 588 2372 Vita
611 2306 723 2391 populi
747 2306 894 2390 Romani,
920 2306 961 2372 de
985 2307 1237 2390 Antiquitatibus
1260 2308 1360 2375 libros
1385 2315 1417 2374 et
1439 2307 1535 2374 Aetia
1558 2306 1712 2373 Varronis
1727 2305 1873 2373 affirmat.
1913 2304 2005 2383 Quod
2024 2304 2110 2370 baud

293 2413 361 2480 scio
385 2434 427 2478 an
452 2413 565 2479 merito
589 2434 655 2480 non
678 2412 800 2498 possit;
832 2420 958 2480 etcum
983 2422 1172 2500 argumenta
1195 2414 1288 2481 huius
1311 2415 1358 2483 rei
1382 2415 1556 2482 afferantur
1579 2414 1677 2498 nulla,
1701 2413 1953 2497 ,Antiquitatum‘
1986 2433 2111 2498 promp-

296 2521 399 2586 tuario
426 2527 609 2586 contentum
629 2520 830 2605 Propertium
854 2520 954 2588 luisse
979 2523 1094 2588 eodem
1118 2523 1185 2588 iure
1208 2523 1286 2608 poni
1308 2531 1425 2608 potest,
1450 2543 1521 2589 eum
1537 2522 1570 2588 in
1585 2529 1678 2589 vasto
1693 2522 1748 2588 illu
1766 2541 1875 2607 opere,
1892 2541 2111 2604 quaecumque

295 2627 338 2693 ad
374 2628 520 2694 instituta
543 2627 674 2712 publica
707 2648 843 2695 sacrave
875 2628 1090 2714 pertinebant,
1124 2652 1194 2697 cum
1227 2630 1406 2716 pulvisculo
1441 2631 1600 2698 exhausta
1631 2629 1731 2696 luisse
1768 2630 1916 2696 sciamus.
1968 2637 2018 2694 An
2047 2648 2111 2695 non

296 2735 494 2818 ,Causarum‘
520 2734 667 2801 conditor
691 2742 819 2820 poterat
841 2736 1049 2820 acquiescere
1073 2737 1105 2803 in
1129 2739 1254 2816 ,Aetiis‘
1278 2738 1459 2807 Varronis?

457 2859 551 2938 Quod
575 2861 690 2927 attinet
713 2861 757 2926 ad
788 2860 971 2944 Vergilii
1001 2862 1244 2949 Vibullique
1275 2865 1498 2932 auctoritatem
1522 2884 1543 2929 a
1566 2862 1707 2930 Tuerhio
1736 2863 1941 2948 advocatam,
1969 2860 2113 2929 nonnihil

296 2967 438 3033 valuisse
462 2967 506 3032 ad
527 2968 740 3052 aetiologicas
757 2989 884 3052 quoque
903 2969 1063 3054 Propertii
1083 2971 1207 3056 elegias
1223 2973 1348 3037 illorum
1364 2971 1517 3055 carmina,
1541 2971 1574 3036 in
1598 2971 1782 3056 Augusteae
1806 2970 1924 3037 aetatis
1947 2977 2114 3055 poetarum

297 3082 348 3142 sat
370 3082 447 3141 nota
472 3076 629 3142 societate
659 3097 717 3161 per
741 3097 777 3143 se
801 3079 974 3166 apparetb.
1020 3079 1170 3146 Attamen
1194 3079 1312 3146 hocin
1336 3079 1518 3146 universum
1541 3079 1587 3144 ita
1611 3077 1834 3163 accipiendum
1858 3084 1916 3163 est,
1940 3085 1974 3142 ut
1996 3077 2114 3144 similia

296 3189 394 3266 atque
419 3181 464 3247 illi
489 3189 633 3250 tractans
658 3193 849 3267 argumenta
873 3185 992 3251 Sextus
1015 3185 1200 3252 recordatus
1225 3207 1297 3254 esse
1319 3187 1466 3254 videatur·
1489 3187 1614 3252 illorum
1630 3185 1783 3271 carmina,
1808 3207 1907 3270 quare
1931 3186 2017 3251 haud
2040 3206 2113 3252 raro

297 3289 542 3357 elocutionis
582 3290 758 3358 similitudo
803 3292 965 3374 exstitiit).
1031 3293 1097 3360 Sed
1125 3294 1157 3358 in
1190 3293 1270 3379 ipsis
1303 3294 1548 3379 argumentis
1577 3295 1674 3360 etiam
1711 3293 1886 3378 Vergilium
1921 3294 2113 3378 aliquotiens

297 3397 486 3464 arcessitum
511 3419 584 3464 esse
609 3399 651 3464 ab
676 3418 714 3465 co
739 3399 899 3465 'lherhius
922 3400 1100 3467 luculenter
1123 3401 1227 3467 evicit.

458 3524 591 3590 Praeter
614 3523 791 3591 Varronem
826 3532 858 3591 et
891 3525 950 3591 hos
981 3524 1063 3593 duos
1091 3534 1206 3612 poetas
1229 3528 1381 3594 Livium
1405 3528 1564 3594 Tuerlrius
1587 3527 1753 3612 Propertio
1786 3533 1949 3594 auctorem
1980 3527 2115 3593 iniunxit

299 3650 338 3696 ao
355 3630 490 3715 primum
504 3631 618 3697 librum
635 3632 777 3717 saepius,
794 3633 894 3698 semel
909 3640 1056 3716 quartum
1067 3633 1210 3701 historici
1223 3644 1409 3720 usurpatum
1424 3655 1498 3702 esse
1513 3657 1533 3702 a
1549 3637 1647 3702 Sexto
1667 3635 1886 3702 demonstrare
1904 3643 2038 3702 conatus
2054 3643 2113 3702 est.

457 3757 609 3823 Attamen
632 3778 746 3824 vereor
770 3779 810 3824 ne
834 3757 867 3823 in
892 3759 1182 3843 argumentationis
1211 3781 1330 3846 genere
1359 3760 1545 3828 adhibendo
1574 3781 1688 3845 parum
1715 3759 1792 3828 felix
1821 3759 1915 3828 luerit
1943 3767 2049 3846 atque,
2080 3765 2115 3825 ut

297 3862 441 3930 historici
470 3865 663 3930 auctoritate
692 3864 864 3930 liberemus
895 3875 1026 3952 poetam
1055 3875 1088 3934 et
1115 3867 1251 3935 infracto
1279 3875 1410 3935 auctore
1440 3867 1534 3935 Livio
1559 3868 1801 3934 corroboremus
1831 3868 2016 3954 Varronem,
2045 3867 2114 3935 iore

302 3977 336 4035 ut
359 3971 454 4036 nobis
478 3971 646 4056 contingat
667 3991 773 4056 spero.

457 4097 571 4180 ltaque
595 4117 857 4182 percenseamus,
882 4097 984 4183 sultis,
1008 4099 1066 4165 illa
1089 4100 1233 4167 carmina
1257 4101 1424 4167 dumtaxat
1447 4119 1547 4184 usque
1572 4121 1622 4185 eu,
1646 4107 1681 4167 ut
1703 4100 1786 4168 hunc
1810 4100 1837 4168 si
1861 4100 1938 4185 quid
1961 4101 2115 4170 sentimus

299 4222 439 4268 errorem
472 4204 533 4270 viri
566 4205 655 4272 docti
684 4204 809 4271 nudare
840 4206 1012 4292 possimus,
1046 4215 1213 4274 servantes
1244 4227 1339 4291 quem
1367 4207 1551 4276 dissertatio
1582 4209 1768 4275 'luerhiana
1798 4209 1940 4292 sequitur
1970 4209 2114 4277 ordinem

458 4508 478 4575 ¹)
507 4509 584 4576 Apud
608 4507 662 4564 Cic.
692 4509 767 4565 Brut.
792 4515 835 4566 80.
871 4510 956 4564 Varro
983 4513 1056 4566 audit
1087 4512 1312 4583 ,diligentissimus
1344 4513 1518 4582 investigatur
1545 4514 1730 4583 antiquitatis‘3
1762 4515 1797 4570 ci.
1823 4515 1904 4568 Acad.
1928 4514 2000 4569 Post.
2027 4514 2114 4586 (1.1),

301 4596 410 4662 Quintil.
430 4597 495 4664 Xll,
518 4603 559 4664 11,
579 4601 626 4652 24:
646 4597 740 4665 ,Quam
760 4599 852 4668 multu,
872 4617 957 4669 paene
977 4603 1073 4669 omnis,
1098 4603 1205 4656 tradidit
1222 4604 1329 4658 Varrol‘
1359 4601 1401 4656 all.
1433 4602 1474 4658 cf.
1488 4602 1569 4658 Orelli
1589 4609 1616 4656 et
1628 4603 1727 4670 Baiter,
1746 4603 1881 4658 Onomast.
1900 4603 1965 4658 Tull.
1987 4609 2039 4660 575
2056 4621 2113 4675 sqq.

457 4704 478 4772 ¹)
508 4705 550 4758 De
577 4704 628 4758 bac
657 4707 843 4759 communione
868 4709 902 4762 ci.
922 4709 1039 4762 maxime
1058 4711 1091 4764 A.
1128 4709 1259 4780 Zingerle,
1287 4709 1354 4764 On'd
1383 4711 1436 4764 und
1464 4711 1522 4765 scin
1541 4709 1695 4764 Verhl'rltnis
1723 4727 1756 4764 zu
1783 4711 1836 4765 deu
1859 4711 2033 4782 Vorgiingern
2061 4713 2114 4766 und

298 4787 501 4860 gleichzeitigen
521 4794 672 4848 riimisohen
691 4793 829 4847 Dichtem.
867 4795 972 4851 lnnsbr.
994 4801 1142 4854 1868-71.

419 4933 421 4937 -
459 4898 481 4969 ⁸)
508 4879 537 4955 B.
557 4901 682 4970 Kuttner,
701 4899 743 4954 De
763 4900 895 4970 Propertii
915 4901 1062 4959 elocutione
1082 4907 1258 4974 quaestiones,
1282 4905 1342 4960 Hal.
1365 4911 1442 4974 1878,
1461 4925 1486 4976 p.
1507 4911 1549 4963 72.
1586 4907 1688 4961 Verum
1707 4908 1740 4961 de
1759 4906 1887 4962 Tibullo
1905 4909 1940 4963 ci.
1960 4909 2004 4962 W.
2024 4908 2113 4978 Olsen,
2149 4929 2153 4936 ⁴

300 4987 545 5042 Commentationes
564 4990 685 5061 philolog.
713 4990 886 5045 inhonorem
911 4991 1023 5046 sodalitii
1042 4995 1130 5062 philol.
1156 4995 1347 5065 Grppbiswuld.
1374 5001 1450 5064 1887,
1474 4997 1518 5065 qui
1542 4997 1656 5050 ordine
1680 4997 1848 5051 immutato
1867 4997 1998 5066 Srdpiciae
2017 4998 2114 5068 elegias

301 5095 315 5131 c
340 5077 576 5146 Propertianorum
604 5081 751 5136 canrdnum
782 5079 930 5134 elocutione
957 5085 1091 5150 proiectas
1119 5101 1178 5140 esse
1205 5084 1340 5154 probabile
1368 5087 1433 5140 iecit
1461 5090 1488 5140 et
1506 5104 1530 5154 p.
1552 5091 1585 5142 28
1604 5103 1642 5156 sq.
1671 5103 1751 5141 unam
1778 5105 1792 5140 e
1815 5088 1911 5140 ilustris
1936 5088 2000 5156 ipsis
2025 5088 2117 5160 elegiis

298 5167 345 5222 1Π.
364 5167 406 5222 De
425 5167 585 5239 Vertumno)
604 5167 682 5222 huius
703 5171 742 5224 rei
761 5170 942 5224 testimonium
962 5173 1056 5227 attulit.

1919 5271 1935 5322 2
