<?xml version="1.0" encoding="UTF-8"?>
<!DOCTYPE html PUBLIC "-//W3C//DTD XHTML 1.0 Transitional//EN"
    "http://www.w3.org/TR/xhtml1/DTD/xhtml1-transitional.dtd">
<html xmlns="http://www.w3.org/1999/xhtml" xml:lang="en" lang="en">
 <head>
  <title>
</title>
<meta http-equiv="Content-Type" content="text/html;charset=utf-8" />
  <meta name='ocr-system' content='tesseract 3.04.00' />
  <meta name='ocr-capabilities' content='ocr_page ocr_carea ocr_par ocr_line ocrx_word'/>
</head>
<body>
  <div class='ocr_page' id='page_1' title='image "./deaetiologicoru00riesgoog_0020.png"; bbox 0 0 4930 5978; ppageno 0'>
   <div class='ocr_carea' id='block_1_1' title="bbox 1082 417 1242 517">
    <p class='ocr_par' dir='ltr' id='par_1_1' title="bbox 1082 417 1242 517">
     <span class='ocr_line' id='line_1_1' title="bbox 1082 417 1242 517; baseline 0 -37"><span class='ocrx_word' id='word_1_1' title='bbox 1082 417 1242 517; x_wconf 40' lang='lat' dir='ltr'><strong>*ib-—</strong></span> 
     </span>
    </p>
   </div>
   <div class='ocr_carea' id='block_1_2' title="bbox 724 627 1613 826">
    <p class='ocr_par' dir='ltr' id='par_1_2' title="bbox 724 627 1613 826">
     <span class='ocr_line' id='line_1_2' title="bbox 726 627 1613 717; baseline -0.003 -18"><span class='ocrx_word' id='word_1_2' title='bbox 726 629 807 717; x_wconf 87' lang='lat' dir='ltr'><strong>,Hic,</strong></span> <span class='ocrx_word' id='word_1_3' title='bbox 831 652 872 698; x_wconf 91' lang='lat' dir='ltr'><strong>ne</strong></span> <span class='ocrx_word' id='word_1_4' title='bbox 896 637 985 698; x_wconf 89' lang='lat' dir='ltr'><strong>certa</strong></span> <span class='ocrx_word' id='word_1_5' title='bbox 1007 627 1113 698; x_wconf 81' lang='lat' dir='ltr'><strong>forent</strong></span> <span class='ocrx_word' id='word_1_6' title='bbox 1134 630 1327 697; x_wconf 73' lang='lat' dir='ltr'><strong>manifestae</strong></span> <span class='ocrx_word' id='word_1_7' title='bbox 1351 629 1445 715; x_wconf 86' lang='lat' dir='ltr'><strong>signa</strong></span> <span class='ocrx_word' id='word_1_8' title='bbox 1468 627 1613 716; x_wconf 79' lang='lat' dir='ltr'><strong>rapinae,</strong></span> 
     </span>
     <span class='ocr_line' id='line_1_3' title="bbox 724 737 1464 826; baseline -0.007 -20"><span class='ocrx_word' id='word_1_9' title='bbox 724 740 865 806; x_wconf 81' lang='lat' dir='ltr'><strong>Aversos</strong></span> <span class='ocrx_word' id='word_1_10' title='bbox 889 737 996 806; x_wconf 90' lang='lat' dir='ltr'><strong>cauda</strong></span> <span class='ocrx_word' id='word_1_11' title='bbox 1019 738 1117 804; x_wconf 82' lang='lat' dir='ltr'><strong>traxit</strong></span> <span class='ocrx_word' id='word_1_12' title='bbox 1140 737 1172 803; x_wconf 94' lang='lat' dir='ltr'><strong>iu</strong></span> <span class='ocrx_word' id='word_1_13' title='bbox 1196 745 1289 804; x_wconf 89' lang='lat' dir='ltr'><strong>antra</strong></span> <span class='ocrx_word' id='word_1_14' title='bbox 1311 738 1464 826; x_wconf 75' lang='lat' dir='ltr'><strong>boves‘l)</strong></span> 
     </span>
    </p>
   </div>
   <div class='ocr_carea' id='block_1_3' title="bbox 243 862 2064 1294">
    <p class='ocr_par' dir='ltr' id='par_1_3' title="bbox 244 862 2061 1060">
     <span class='ocr_line' id='line_1_4' title="bbox 404 862 2061 950; baseline -0.003 -18"><span class='ocrx_word' id='word_1_15' title='bbox 404 865 601 946; x_wconf 78' lang='lat' dir='ltr'><strong>Quibuscum</strong></span> <span class='ocrx_word' id='word_1_16' title='bbox 632 865 779 932; x_wconf 88' lang='lat' dir='ltr'><strong>versibus</strong></span> <span class='ocrx_word' id='word_1_17' title='bbox 813 864 1032 950; x_wconf 86' lang='lat' dir='ltr'><strong>comparanda</strong></span> <span class='ocrx_word' id='word_1_18' title='bbox 1070 871 1143 930; x_wconf 91' lang='lat' dir='ltr'><strong>sunt</strong></span> <span class='ocrx_word' id='word_1_19' title='bbox 1174 863 1257 928; x_wconf 85' lang='lat' dir='ltr'><strong>Livii</strong></span> <span class='ocrx_word' id='word_1_20' title='bbox 1289 865 1389 930; x_wconf 84' lang='lat' dir='ltr'><strong>verbs</strong></span> <span class='ocrx_word' id='word_1_21' title='bbox 1422 863 1456 949; x_wconf 88' lang='lat' dir='ltr'><strong>(l.</strong></span> <span class='ocrx_word' id='word_1_22' title='bbox 1481 862 1535 949; x_wconf 91' lang='lat' dir='ltr'><strong>l.):</strong></span> <span class='ocrx_word' id='word_1_23' title='bbox 1570 863 1721 948; x_wconf 84' lang='lat' dir='ltr'><strong>,Aversos</strong></span> <span class='ocrx_word' id='word_1_24' title='bbox 1764 863 1876 948; x_wconf 88' lang='lat' dir='ltr'><strong>boves,</strong></span> <span class='ocrx_word' id='word_1_25' title='bbox 1911 862 2061 929; x_wconf 84' lang='lat' dir='ltr'><strong>eximium</strong></span> 
     </span>
     <span class='ocr_line' id='line_1_5' title="bbox 244 971 1216 1060; baseline -0.004 -20"><span class='ocrx_word' id='word_1_26' title='bbox 244 995 402 1060; x_wconf 89' lang='lat' dir='ltr'><strong>quemque</strong></span> <span class='ocrx_word' id='word_1_27' title='bbox 424 972 670 1060; x_wconf 70' lang='lat' dir='ltr'><strong>pulchritudine,</strong></span> <span class='ocrx_word' id='word_1_28' title='bbox 695 971 808 1039; x_wconf 90' lang='lat' dir='ltr'><strong>caudis</strong></span> <span class='ocrx_word' id='word_1_29' title='bbox 830 972 864 1039; x_wconf 94' lang='lat' dir='ltr'><strong>in</strong></span> <span class='ocrx_word' id='word_1_30' title='bbox 887 972 1075 1058; x_wconf 80' lang='lat' dir='ltr'><strong>speluncam</strong></span> <span class='ocrx_word' id='word_1_31' title='bbox 1097 971 1216 1038; x_wconf 61' lang='lat' dir='ltr'><strong>traxit}</strong></span> 
     </span>
    </p>

    <p class='ocr_par' dir='ltr' id='par_1_4' title="bbox 243 1095 2064 1294">
     <span class='ocr_line' id='line_1_6' title="bbox 404 1095 2062 1183; baseline -0.002 -18"><span class='ocrx_word' id='word_1_32' title='bbox 404 1097 507 1178; x_wconf 80' lang='lat' dir='ltr'><strong>Quem</strong></span> <span class='ocrx_word' id='word_1_33' title='bbox 531 1098 575 1165; x_wconf 90' lang='lat' dir='ltr'><strong>ad</strong></span> <span class='ocrx_word' id='word_1_34' title='bbox 602 1097 732 1164; x_wconf 90' lang='lat' dir='ltr'><strong>modum</strong></span> <span class='ocrx_word' id='word_1_35' title='bbox 766 1097 884 1164; x_wconf 89' lang='lat' dir='ltr'><strong>deiude</strong></span> <span class='ocrx_word' id='word_1_36' title='bbox 907 1098 1009 1164; x_wconf 87' lang='lat' dir='ltr'><strong>boves</strong></span> <span class='ocrx_word' id='word_1_37' title='bbox 1036 1097 1226 1182; x_wconf 76' lang='lat' dir='ltr'><strong>mugientes,</strong></span> <span class='ocrx_word' id='word_1_38' title='bbox 1262 1117 1369 1182; x_wconf 91' lang='lat' dir='ltr'><strong>quoa</strong></span> <span class='ocrx_word' id='word_1_39' title='bbox 1401 1099 1488 1165; x_wconf 85' lang='lat' dir='ltr'><strong>Caco</strong></span> <span class='ocrx_word' id='word_1_40' title='bbox 1522 1096 1624 1164; x_wconf 92' lang='lat' dir='ltr'><strong>abditi</strong></span> <span class='ocrx_word' id='word_1_41' title='bbox 1658 1095 1731 1182; x_wconf 91' lang='lat' dir='ltr'><strong>sint,</strong></span> <span class='ocrx_word' id='word_1_42' title='bbox 1763 1096 1828 1183; x_wconf 92' lang='lat' dir='ltr'><strong>ipsi</strong></span> <span class='ocrx_word' id='word_1_43' title='bbox 1860 1096 2062 1182; x_wconf 88' lang='lat' dir='ltr'><strong>prodiderint</strong></span> 
     </span>
     <span class='ocr_line' id='line_1_7' title="bbox 243 1203 2064 1294; baseline -0.003 -18"><span class='ocrx_word' id='word_1_44' title='bbox 243 1207 384 1292; x_wconf 87' lang='lat' dir='ltr'><strong>Herculi,</strong></span> <span class='ocrx_word' id='word_1_45' title='bbox 413 1207 525 1273; x_wconf 86' lang='lat' dir='ltr'><strong>Livius</strong></span> <span class='ocrx_word' id='word_1_46' title='bbox 548 1205 654 1294; x_wconf 88' lang='lat' dir='ltr'><strong>(sicuti</strong></span> <span class='ocrx_word' id='word_1_47' title='bbox 678 1205 853 1292; x_wconf 88' lang='lat' dir='ltr'><strong>Vergilius)</strong></span> <span class='ocrx_word' id='word_1_48' title='bbox 882 1204 1011 1272; x_wconf 90' lang='lat' dir='ltr'><strong>uberius</strong></span> <span class='ocrx_word' id='word_1_49' title='bbox 1039 1211 1159 1271; x_wconf 90' lang='lat' dir='ltr'><strong>narrat.</strong></span> <span class='ocrx_word' id='word_1_50' title='bbox 1207 1205 1373 1291; x_wconf 86' lang='lat' dir='ltr'><strong>Propertio</strong></span> <span class='ocrx_word' id='word_1_51' title='bbox 1407 1212 1467 1272; x_wconf 91' lang='lat' dir='ltr'><strong>hoc</strong></span> <span class='ocrx_word' id='word_1_52' title='bbox 1496 1203 1596 1272; x_wconf 83' lang='lat' dir='ltr'><strong>luisse</strong></span> <span class='ocrx_word' id='word_1_53' title='bbox 1628 1211 1738 1272; x_wconf 92' lang='lat' dir='ltr'><strong>notum</strong></span> <span class='ocrx_word' id='word_1_54' title='bbox 1769 1203 1960 1271; x_wconf 90' lang='lat' dir='ltr'><strong>documento</strong></span> <span class='ocrx_word' id='word_1_55' title='bbox 1990 1211 2064 1271; x_wconf 89' lang='lat' dir='ltr'><strong>sunt</strong></span> 
     </span>
    </p>
   </div>
   <div class='ocr_carea' id='block_1_4' title="bbox 245 1316 1375 1520">
    <p class='ocr_par' dir='ltr' id='par_1_5' title="bbox 245 1316 1375 1520">
     <span class='ocr_line' id='line_1_8' title="bbox 245 1316 507 1402; baseline -0.008 -22"><span class='ocrx_word' id='word_1_56' title='bbox 245 1316 343 1382; x_wconf 86' lang='lat' dir='ltr'><strong>rerba</strong></span> <span class='ocrx_word' id='word_1_57' title='bbox 365 1319 410 1402; x_wconf 88' lang='lat' dir='ltr'><strong>(v.</strong></span> <span class='ocrx_word' id='word_1_58' title='bbox 437 1316 507 1399; x_wconf 86' lang='lat'>13):</span> 
     </span>
     <span class='ocr_line' id='line_1_9' title="bbox 929 1435 1375 1520; baseline 0.002 -18"><span class='ocrx_word' id='word_1_59' title='bbox 929 1436 1042 1520; x_wconf 84' lang='lat' dir='ltr'><strong>,furem</strong></span> <span class='ocrx_word' id='word_1_60' title='bbox 1065 1457 1202 1504; x_wconf 88' lang='lat' dir='ltr'><strong>sonuere</strong></span> <span class='ocrx_word' id='word_1_61' title='bbox 1226 1435 1375 1505; x_wconf 80' lang='lat' dir='ltr'><strong>iuvenci‘</strong></span> 
     </span>
    </p>
   </div>
   <div class='ocr_carea' id='block_1_5' title="bbox 242 1560 2066 1865">
    <p class='ocr_par' dir='ltr' id='par_1_6' title="bbox 242 1560 2066 1865">
     <span class='ocr_line' id='line_1_10' title="bbox 402 1560 2066 1648; baseline -0.002 -18"><span class='ocrx_word' id='word_1_62' title='bbox 402 1565 450 1631; x_wconf 89' lang='lat' dir='ltr'><strong>Ac</strong></span> <span class='ocrx_word' id='word_1_63' title='bbox 473 1586 504 1629; x_wconf 88' lang='grc' dir='ltr'><strong>ν.</strong></span> <span class='ocrx_word' id='word_1_64' title='bbox 532 1567 571 1630; x_wconf 85' lang='grc'><strong>15</strong></span> <span class='ocrx_word' id='word_1_65' title='bbox 594 1584 639 1648; x_wconf 89' lang='lat' dir='ltr'><strong>sq.</strong></span> <span class='ocrx_word' id='word_1_66' title='bbox 673 1562 859 1648; x_wconf 88' lang='lat' dir='ltr'><strong>(,Maenalio</strong></span> <span class='ocrx_word' id='word_1_67' title='bbox 883 1561 982 1629; x_wconf 90' lang='lat' dir='ltr'><strong>iacuit</strong></span> <span class='ocrx_word' id='word_1_68' title='bbox 1004 1561 1115 1648; x_wconf 89' lang='lat' dir='ltr'><strong>pulsus</strong></span> <span class='ocrx_word' id='word_1_69' title='bbox 1138 1563 1200 1629; x_wconf 90' lang='lat' dir='ltr'><strong>tria</strong></span> <span class='ocrx_word' id='word_1_70' title='bbox 1221 1571 1369 1648; x_wconf 87' lang='lat' dir='ltr'><strong>tempora</strong></span> <span class='ocrx_word' id='word_1_71' title='bbox 1392 1584 1496 1630; x_wconf 89' lang='lat' dir='ltr'><strong>ramo</strong></span> <span class='ocrx_word' id='word_1_72' title='bbox 1521 1563 1650 1644; x_wconf 81' lang='lat' dir='ltr'><strong>Cacus‘)</strong></span> <span class='ocrx_word' id='word_1_73' title='bbox 1679 1563 1810 1630; x_wconf 87' lang='lat' dir='ltr'><strong>clava</strong></span> <span class='ocrx_word' id='word_1_74' title='bbox 1843 1561 1948 1629; x_wconf 91' lang='lat' dir='ltr'><strong>scelus</strong></span> <span class='ocrx_word' id='word_1_75' title='bbox 1985 1560 2066 1628; x_wconf 91' lang='lat' dir='ltr'><strong>illud</strong></span> 
     </span>
     <span class='ocr_line' id='line_1_11' title="bbox 242 1669 2059 1757; baseline -0.002 -18"><span class='ocrx_word' id='word_1_76' title='bbox 242 1671 391 1757; x_wconf 87' lang='lat' dir='ltr'><strong>interimi,</strong></span> <span class='ocrx_word' id='word_1_77' title='bbox 425 1670 545 1738; x_wconf 91' lang='lat' dir='ltr'><strong>ideirco</strong></span> <span class='ocrx_word' id='word_1_78' title='bbox 579 1677 756 1737; x_wconf 89' lang='lat' dir='ltr'><strong>memoratu</strong></span> <span class='ocrx_word' id='word_1_79' title='bbox 789 1690 853 1736; x_wconf 94' lang='lat' dir='ltr'><strong>non</strong></span> <span class='ocrx_word' id='word_1_80' title='bbox 886 1677 936 1738; x_wconf 90' lang='lat' dir='ltr'><strong>est</strong></span> <span class='ocrx_word' id='word_1_81' title='bbox 963 1669 1139 1756; x_wconf 91' lang='lat' dir='ltr'><strong>indignum,</strong></span> <span class='ocrx_word' id='word_1_82' title='bbox 1174 1670 1260 1755; x_wconf 92' lang='lat' dir='ltr'><strong>quod</strong></span> <span class='ocrx_word' id='word_1_83' title='bbox 1292 1671 1344 1738; x_wconf 92' lang='lat' dir='ltr'><strong>hic</strong></span> <span class='ocrx_word' id='word_1_84' title='bbox 1369 1671 1535 1738; x_wconf 89' lang='lat' dir='ltr'><strong>dissensus</strong></span> <span class='ocrx_word' id='word_1_85' title='bbox 1560 1677 1610 1739; x_wconf 90' lang='lat' dir='ltr'><strong>est</strong></span> <span class='ocrx_word' id='word_1_86' title='bbox 1633 1693 1654 1738; x_wconf 93' lang='lat' dir='ltr'><strong>a</strong></span> <span class='ocrx_word' id='word_1_87' title='bbox 1677 1669 1830 1755; x_wconf 88' lang='lat' dir='ltr'><strong>Vergilio,</strong></span> <span class='ocrx_word' id='word_1_88' title='bbox 1855 1669 1943 1753; x_wconf 90' lang='lat' dir='ltr'><strong>apud</strong></span> <span class='ocrx_word' id='word_1_89' title='bbox 1966 1688 2059 1754; x_wconf 92' lang='lat' dir='ltr'><strong>quem</strong></span> 
     </span>
     <span class='ocr_line' id='line_1_12' title="bbox 243 1776 923 1865; baseline 0.006 -25"><span class='ocrx_word' id='word_1_90' title='bbox 243 1776 500 1865; x_wconf 81' lang='lat' dir='ltr'><strong>iugulatur²)‚</strong></span> <span class='ocrx_word' id='word_1_91' title='bbox 524 1797 700 1846; x_wconf 89' lang='lat' dir='ltr'><strong>consensus</strong></span> <span class='ocrx_word' id='word_1_92' title='bbox 725 1797 796 1844; x_wconf 92' lang='lat' dir='ltr'><strong>cum</strong></span> <span class='ocrx_word' id='word_1_93' title='bbox 817 1777 923 1844; x_wconf 80' lang='lat' dir='ltr'><strong>Liuio.</strong></span> 
     </span>
    </p>
   </div>
   <div class='ocr_carea' id='block_1_6' title="bbox 241 1903 2062 2743">
    <p class='ocr_par' dir='ltr' id='par_1_7' title="bbox 241 1903 2062 2743">
     <span class='ocr_line' id='line_1_13' title="bbox 404 1903 2061 1990; baseline -0.001 -20"><span class='ocrx_word' id='word_1_94' title='bbox 404 1904 497 1984; x_wconf 83' lang='lat' dir='ltr'><strong>Quae</strong></span> <span class='ocrx_word' id='word_1_95' title='bbox 521 1903 575 1989; x_wconf 89' lang='lat' dir='ltr'><strong>qui</strong></span> <span class='ocrx_word' id='word_1_96' title='bbox 591 1903 770 1989; x_wconf 84' lang='lat' dir='ltr'><strong>contulerit,</strong></span> <span class='ocrx_word' id='word_1_97' title='bbox 794 1903 1012 1971; x_wconf 83' lang='lat' dir='ltr'><strong>narrationem</strong></span> <span class='ocrx_word' id='word_1_98' title='bbox 1028 1903 1199 1970; x_wconf 88' lang='lat' dir='ltr'><strong>Livianam</strong></span> <span class='ocrx_word' id='word_1_99' title='bbox 1223 1924 1262 1971; x_wconf 94' lang='lat' dir='ltr'><strong>eo</strong></span> <span class='ocrx_word' id='word_1_100' title='bbox 1286 1924 1387 1989; x_wconf 88' lang='lat' dir='ltr'><strong>usque</strong></span> <span class='ocrx_word' id='word_1_101' title='bbox 1411 1904 1572 1988; x_wconf 88' lang='lat' dir='ltr'><strong>quadrare</strong></span> <span class='ocrx_word' id='word_1_102' title='bbox 1589 1903 1681 1971; x_wconf 90' lang='lat' dir='ltr'><strong>dabit</strong></span> <span class='ocrx_word' id='word_1_103' title='bbox 1697 1904 1741 1970; x_wconf 90' lang='lat' dir='ltr'><strong>ad</strong></span> <span class='ocrx_word' id='word_1_104' title='bbox 1756 1903 1914 1990; x_wconf 87' lang='lat' dir='ltr'><strong>Propertii</strong></span> <span class='ocrx_word' id='word_1_105' title='bbox 1936 1922 2061 1988; x_wconf 87' lang='lat' dir='ltr'><strong>versus,</strong></span> 
     </span>
     <span class='ocr_line' id='line_1_14' title="bbox 241 2010 2059 2097; baseline -0.002 -18"><span class='ocrx_word' id='word_1_106' title='bbox 241 2019 362 2079; x_wconf 91' lang='lat' dir='ltr'><strong>utnon</strong></span> <span class='ocrx_word' id='word_1_107' title='bbox 386 2011 427 2079; x_wconf 88' lang='lat' dir='ltr'><strong>sit</strong></span> <span class='ocrx_word' id='word_1_108' title='bbox 454 2010 577 2097; x_wconf 90' lang='lat' dir='ltr'><strong>mimm,</strong></span> <span class='ocrx_word' id='word_1_109' title='bbox 611 2010 699 2095; x_wconf 92' lang='lat' dir='ltr'><strong>quod</strong></span> <span class='ocrx_word' id='word_1_110' title='bbox 730 2011 889 2078; x_wconf 81' lang='lat' dir='ltr'><strong>Tuerhius</strong></span> <span class='ocrx_word' id='word_1_111' title='bbox 917 2018 951 2077; x_wconf 90' lang='lat' dir='ltr'><strong>ut</strong></span> <span class='ocrx_word' id='word_1_112' title='bbox 984 2010 1067 2078; x_wconf 92' lang='lat' dir='ltr'><strong>haec</strong></span> <span class='ocrx_word' id='word_1_113' title='bbox 1094 2011 1339 2078; x_wconf 89' lang='lat' dir='ltr'><strong>ratiocinaretur</strong></span> <span class='ocrx_word' id='word_1_114' title='bbox 1378 2011 1525 2079; x_wconf 90' lang='lat' dir='ltr'><strong>adlectus</strong></span> <span class='ocrx_word' id='word_1_115' title='bbox 1553 2011 1595 2078; x_wconf 91' lang='lat' dir='ltr'><strong>sit</strong></span> <span class='ocrx_word' id='word_1_116' title='bbox 1621 2018 1665 2097; x_wconf 89' lang='lat' dir='ltr'><strong>(p.</strong></span> <span class='ocrx_word' id='word_1_117' title='bbox 1690 2014 1760 2092; x_wconf 82' lang='lat'><strong>37):</strong></span> <span class='ocrx_word' id='word_1_118' title='bbox 1795 2011 1857 2096; x_wconf 80' lang='lat' dir='ltr'><strong>,Ex</strong></span> <span class='ocrx_word' id='word_1_119' title='bbox 1888 2010 1940 2077; x_wconf 93' lang='lat' dir='ltr'><strong>his</strong></span> <span class='ocrx_word' id='word_1_120' title='bbox 1964 2030 2059 2094; x_wconf 88' lang='lat' dir='ltr'><strong>quam</strong></span> 
     </span>
     <span class='ocr_line' id='line_1_15' title="bbox 242 2118 2061 2206; baseline -0.002 -20"><span class='ocrx_word' id='word_1_121' title='bbox 242 2127 346 2186; x_wconf 83' lang='lat' dir='ltr'><strong>artum</strong></span> <span class='ocrx_word' id='word_1_122' title='bbox 369 2119 530 2187; x_wconf 83' lang='lat' dir='ltr'><strong>vinculum</strong></span> <span class='ocrx_word' id='word_1_123' title='bbox 553 2118 734 2185; x_wconf 88' lang='lat' dir='ltr'><strong>intercedat</strong></span> <span class='ocrx_word' id='word_1_124' title='bbox 756 2119 839 2186; x_wconf 89' lang='lat' dir='ltr'><strong>inter</strong></span> <span class='ocrx_word' id='word_1_125' title='bbox 861 2118 990 2185; x_wconf 87' lang='lat' dir='ltr'><strong>Livium</strong></span> <span class='ocrx_word' id='word_1_126' title='bbox 1013 2125 1046 2185; x_wconf 90' lang='lat' dir='ltr'><strong>et</strong></span> <span class='ocrx_word' id='word_1_127' title='bbox 1068 2118 1267 2204; x_wconf 91' lang='lat' dir='ltr'><strong>Propertium</strong></span> <span class='ocrx_word' id='word_1_128' title='bbox 1295 2127 1442 2206; x_wconf 89' lang='lat' dir='ltr'><strong>apparet.</strong></span> <span class='ocrx_word' id='word_1_129' title='bbox 1489 2120 1558 2186; x_wconf 91' lang='lat' dir='ltr'><strong>lam</strong></span> <span class='ocrx_word' id='word_1_130' title='bbox 1590 2119 1697 2205; x_wconf 92' lang='lat' dir='ltr'><strong>igitur,</strong></span> <span class='ocrx_word' id='word_1_131' title='bbox 1732 2119 1779 2186; x_wconf 91' lang='lat' dir='ltr'><strong>eis</strong></span> <span class='ocrx_word' id='word_1_132' title='bbox 1812 2118 1944 2204; x_wconf 89' lang='lat' dir='ltr'><strong>additis,</strong></span> <span class='ocrx_word' id='word_1_133' title='bbox 1976 2137 2061 2202; x_wconf 90' lang='lat' dir='ltr'><strong>quae</strong></span> 
     </span>
     <span class='ocr_line' id='line_1_16' title="bbox 244 2225 2061 2312; baseline -0.001 -20"><span class='ocrx_word' id='word_1_134' title='bbox 244 2226 429 2312; x_wconf 85' lang='lat' dir='ltr'><strong>Propertius</strong></span> <span class='ocrx_word' id='word_1_135' title='bbox 453 2226 495 2293; x_wconf 90' lang='lat' dir='ltr'><strong>de</strong></span> <span class='ocrx_word' id='word_1_136' title='bbox 527 2225 689 2311; x_wconf 82' lang='lat' dir='ltr'><strong>Tarpeiae</strong></span> <span class='ocrx_word' id='word_1_137' title='bbox 712 2225 825 2292; x_wconf 87' lang='lat' dir='ltr'><strong>fabula</strong></span> <span class='ocrx_word' id='word_1_138' title='bbox 841 2246 882 2292; x_wconf 87' lang='lat' dir='ltr'><strong>ex</strong></span> <span class='ocrx_word' id='word_1_139' title='bbox 905 2225 999 2293; x_wconf 90' lang='lat' dir='ltr'><strong>Livio</strong></span> <span class='ocrx_word' id='word_1_140' title='bbox 1024 2225 1264 2311; x_wconf 89' lang='lat' dir='ltr'><strong>deprompsisse</strong></span> <span class='ocrx_word' id='word_1_141' title='bbox 1297 2225 1433 2312; x_wconf 85' lang='lat' dir='ltr'><strong>videtur,</strong></span> <span class='ocrx_word' id='word_1_142' title='bbox 1467 2226 1599 2294; x_wconf 91' lang='lat' dir='ltr'><strong>dubium</strong></span> <span class='ocrx_word' id='word_1_143' title='bbox 1632 2247 1705 2294; x_wconf 87' lang='lat' dir='ltr'><strong>esse</strong></span> <span class='ocrx_word' id='word_1_144' title='bbox 1738 2247 1803 2294; x_wconf 90' lang='lat' dir='ltr'><strong>non</strong></span> <span class='ocrx_word' id='word_1_145' title='bbox 1833 2233 1951 2312; x_wconf 87' lang='lat' dir='ltr'><strong>potest,</strong></span> <span class='ocrx_word' id='word_1_146' title='bbox 1985 2225 2061 2310; x_wconf 89' lang='lat' dir='ltr'><strong>quin</strong></span> 
     </span>
     <span class='ocr_line' id='line_1_17' title="bbox 243 2327 2060 2420; baseline 0 -20"><span class='ocrx_word' id='word_1_147' title='bbox 243 2334 428 2420; x_wconf 89' lang='lat' dir='ltr'><strong>Propertius</strong></span> <span class='ocrx_word' id='word_1_148' title='bbox 451 2333 576 2420; x_wconf 91' lang='lat' dir='ltr'><strong>priores</strong></span> <span class='ocrx_word' id='word_1_149' title='bbox 599 2333 698 2401; x_wconf 92' lang='lat' dir='ltr'><strong>libros</strong></span> <span class='ocrx_word' id='word_1_150' title='bbox 720 2333 807 2400; x_wconf 87' lang='lat' dir='ltr'><strong>Livii</strong></span> <span class='ocrx_word' id='word_1_151' title='bbox 830 2355 894 2402; x_wconf 93' lang='lat' dir='ltr'><strong>non</strong></span> <span class='ocrx_word' id='word_1_152' title='bbox 918 2335 1021 2401; x_wconf 91' lang='lat' dir='ltr'><strong>solum</strong></span> <span class='ocrx_word' id='word_1_153' title='bbox 1044 2333 1241 2418; x_wconf 90' lang='lat' dir='ltr'><strong>cognoverit,</strong></span> <span class='ocrx_word' id='word_1_154' title='bbox 1271 2333 1331 2402; x_wconf 90' lang='lat' dir='ltr'><strong>sed</strong></span> <span class='ocrx_word' id='word_1_155' title='bbox 1361 2333 1459 2401; x_wconf 89' lang='lat' dir='ltr'><strong>etiam</strong></span> <span class='ocrx_word' id='word_1_156' title='bbox 1490 2354 1600 2402; x_wconf 89' lang='lat' dir='ltr'><strong>eorum</strong></span> <span class='ocrx_word' id='word_1_157' title='bbox 1630 2333 1663 2399; x_wconf 93' lang='lat' dir='ltr'><strong>iu</strong></span> <span class='ocrx_word' id='word_1_158' title='bbox 1693 2333 1834 2400; x_wconf 88' lang='lat' dir='ltr'><strong>studium</strong></span> <span class='ocrx_word' id='word_1_159' title='bbox 1862 2327 2060 2401; x_wconf 86' lang='lat' dir='ltr'><strong>incubuerit‘</strong></span> 
     </span>
     <span class='ocr_line' id='line_1_18' title="bbox 241 2439 2062 2528; baseline -0.001 -21"><span class='ocrx_word' id='word_1_160' title='bbox 241 2440 368 2508; x_wconf 82' lang='lat' dir='ltr'><strong>Eadem</strong></span> <span class='ocrx_word' id='word_1_161' title='bbox 397 2441 548 2527; x_wconf 90' lang='lat' dir='ltr'><strong>opinione</strong></span> <span class='ocrx_word' id='word_1_162' title='bbox 576 2440 759 2526; x_wconf 87' lang='lat' dir='ltr'><strong>implicatur</strong></span> <span class='ocrx_word' id='word_1_163' title='bbox 782 2440 1000 2508; x_wconf 90' lang='lat' dir='ltr'><strong>Rothsteinius</strong></span> <span class='ocrx_word' id='word_1_164' title='bbox 1028 2441 1093 2522; x_wconf 89' lang='lat' dir='ltr'><strong>(ed.</strong></span> <span class='ocrx_word' id='word_1_165' title='bbox 1117 2447 1191 2508; x_wconf 91' lang='lat' dir='ltr'><strong>tom.</strong></span> <span class='ocrx_word' id='word_1_166' title='bbox 1214 2442 1257 2522; x_wconf 88' lang='grc' dir='ltr'><strong>ΙΙ,</strong></span> <span class='ocrx_word' id='word_1_167' title='bbox 1280 2462 1311 2526; x_wconf 92' lang='lat' dir='ltr'><strong>p.</strong></span> <span class='ocrx_word' id='word_1_168' title='bbox 1335 2441 1425 2528; x_wconf 82' lang='lat'><strong>292),</strong></span> <span class='ocrx_word' id='word_1_169' title='bbox 1453 2449 1487 2508; x_wconf 89' lang='lat' dir='ltr'><strong>et</strong></span> <span class='ocrx_word' id='word_1_170' title='bbox 1512 2462 1572 2509; x_wconf 90' lang='lat' dir='ltr'><strong>nos</strong></span> <span class='ocrx_word' id='word_1_171' title='bbox 1597 2462 1723 2526; x_wconf 90' lang='lat' dir='ltr'><strong>quoque</strong></span> <span class='ocrx_word' id='word_1_172' title='bbox 1746 2441 1823 2509; x_wconf 88' lang='lat' dir='ltr'><strong>viris</strong></span> <span class='ocrx_word' id='word_1_173' title='bbox 1846 2440 1950 2508; x_wconf 90' lang='lat' dir='ltr'><strong>doctis</strong></span> <span class='ocrx_word' id='word_1_174' title='bbox 1974 2439 2062 2507; x_wconf 92' lang='lat' dir='ltr'><strong>omui</strong></span> 
     </span>
     <span class='ocr_line' id='line_1_19' title="bbox 241 2547 2059 2634; baseline -0.002 -19"><span class='ocrx_word' id='word_1_175' title='bbox 241 2569 372 2617; x_wconf 91' lang='lat' dir='ltr'><strong>numero</strong></span> <span class='ocrx_word' id='word_1_176' title='bbox 396 2549 653 2634; x_wconf 88' lang='lat' dir='ltr'><strong>astipularemur,</strong></span> <span class='ocrx_word' id='word_1_177' title='bbox 685 2548 713 2615; x_wconf 93' lang='lat' dir='ltr'><strong>si</strong></span> <span class='ocrx_word' id='word_1_178' title='bbox 736 2548 854 2616; x_wconf 90' lang='lat' dir='ltr'><strong>solus</strong></span> <span class='ocrx_word' id='word_1_179' title='bbox 869 2549 981 2616; x_wconf 89' lang='lat' dir='ltr'><strong>Livius</strong></span> <span class='ocrx_word' id='word_1_180' title='bbox 1008 2586 1045 2598; x_wconf 90' lang='lat'><em>-</em></span> <span class='ocrx_word' id='word_1_181' title='bbox 1072 2547 1225 2634; x_wconf 86' lang='lat' dir='ltr'><strong>Vergilio,</strong></span> <span class='ocrx_word' id='word_1_182' title='bbox 1250 2556 1284 2615; x_wconf 92' lang='lat' dir='ltr'><strong>ut</strong></span> <span class='ocrx_word' id='word_1_183' title='bbox 1306 2569 1366 2634; x_wconf 92' lang='lat' dir='ltr'><strong>par</strong></span> <span class='ocrx_word' id='word_1_184' title='bbox 1389 2556 1449 2634; x_wconf 91' lang='lat' dir='ltr'><strong>est,</strong></span> <span class='ocrx_word' id='word_1_185' title='bbox 1474 2549 1593 2617; x_wconf 90' lang='lat' dir='ltr'><strong>omisso</strong></span> <span class='ocrx_word' id='word_1_186' title='bbox 1620 2587 1660 2600; x_wconf 88' lang='lat'><em>-</em></span> <span class='ocrx_word' id='word_1_187' title='bbox 1684 2548 1769 2616; x_wconf 92' lang='lat' dir='ltr'><strong>hunc</strong></span> <span class='ocrx_word' id='word_1_188' title='bbox 1792 2570 1864 2617; x_wconf 93' lang='lat' dir='ltr'><strong>cum</strong></span> <span class='ocrx_word' id='word_1_189' title='bbox 1893 2547 2059 2633; x_wconf 89' lang='lat' dir='ltr'><strong>Propertio</strong></span> 
     </span>
     <span class='ocr_line' id='line_1_20' title="bbox 243 2657 635 2743; baseline 0.003 -20"><span class='ocrx_word' id='word_1_190' title='bbox 243 2663 433 2724; x_wconf 88' lang='lat' dir='ltr'><strong>concentum</strong></span> <span class='ocrx_word' id='word_1_191' title='bbox 454 2657 635 2743; x_wconf 89' lang='lat' dir='ltr'><strong>praeberet.</strong></span> 
     </span>
    </p>
   </div>
   <div class='ocr_carea' id='block_1_7' title="bbox 242 2779 2061 3725">
    <p class='ocr_par' dir='ltr' id='par_1_8' title="bbox 242 2779 2061 3725">
     <span class='ocr_line' id='line_1_21' title="bbox 402 2779 2060 2866; baseline -0.002 -17"><span class='ocrx_word' id='word_1_192' title='bbox 402 2781 470 2850; x_wconf 90' lang='lat' dir='ltr'><strong>Sed</strong></span> <span class='ocrx_word' id='word_1_193' title='bbox 493 2781 577 2849; x_wconf 90' lang='lat' dir='ltr'><strong>enim</strong></span> <span class='ocrx_word' id='word_1_194' title='bbox 600 2781 686 2847; x_wconf 86' lang='lat' dir='ltr'><strong>Livii</strong></span> <span class='ocrx_word' id='word_1_195' title='bbox 714 2781 937 2849; x_wconf 88' lang='lat' dir='ltr'><strong>auctoritatem</strong></span> <span class='ocrx_word' id='word_1_196' title='bbox 960 2779 1160 2849; x_wconf 83' lang='lat' dir='ltr'><strong>labefactare</strong></span> <span class='ocrx_word' id='word_1_197' title='bbox 1184 2782 1218 2848; x_wconf 90' lang='lat' dir='ltr'><strong>in</strong></span> <span class='ocrx_word' id='word_1_198' title='bbox 1242 2781 1374 2866; x_wconf 87' lang='lat' dir='ltr'><strong>eiusque</strong></span> <span class='ocrx_word' id='word_1_199' title='bbox 1397 2782 1503 2848; x_wconf 92' lang='lat' dir='ltr'><strong>locum</strong></span> <span class='ocrx_word' id='word_1_200' title='bbox 1528 2783 1704 2849; x_wconf 90' lang='lat' dir='ltr'><strong>Varronem</strong></span> <span class='ocrx_word' id='word_1_201' title='bbox 1726 2802 1845 2849; x_wconf 81' lang='lat' dir='ltr'><strong>vocare</strong></span> <span class='ocrx_word' id='word_1_202' title='bbox 1869 2780 2060 2848; x_wconf 91' lang='lat' dir='ltr'><strong>conantibus</strong></span> 
     </span>
     <span class='ocr_line' id='line_1_22' title="bbox 242 2887 2061 2976; baseline 0 -21"><span class='ocrx_word' id='word_1_203' title='bbox 242 2909 283 2955; x_wconf 83' lang='lat' dir='ltr'><strong>ex</strong></span> <span class='ocrx_word' id='word_1_204' title='bbox 317 2888 478 2956; x_wconf 89' lang='lat' dir='ltr'><strong>sententia</strong></span> <span class='ocrx_word' id='word_1_205' title='bbox 509 2887 681 2973; x_wconf 87' lang='lat' dir='ltr'><strong>opitulatur</strong></span> <span class='ocrx_word' id='word_1_206' title='bbox 713 2889 850 2974; x_wconf 89' lang='lat' dir='ltr'><strong>scriptor</strong></span> <span class='ocrx_word' id='word_1_207' title='bbox 882 2887 1036 2974; x_wconf 79' lang='lat' dir='ltr'><strong>Graecus,</strong></span> <span class='ocrx_word' id='word_1_208' title='bbox 1070 2888 1246 2976; x_wconf 85' lang='lat' dir='ltr'><strong>Dionysius</strong></span> <span class='ocrx_word' id='word_1_209' title='bbox 1279 2889 1559 2957; x_wconf 86' lang='lat' dir='ltr'><strong>Halicarnasseus.</strong></span> <span class='ocrx_word' id='word_1_210' title='bbox 1608 2889 1785 2956; x_wconf 87' lang='lat' dir='ltr'><strong>Audiamus</strong></span> <span class='ocrx_word' id='word_1_211' title='bbox 1819 2888 1959 2974; x_wconf 85' lang='lat' dir='ltr'><strong>agedum</strong></span> <span class='ocrx_word' id='word_1_212' title='bbox 1992 2887 2061 2956; x_wconf 90' lang='lat' dir='ltr'><strong>eius</strong></span> 
     </span>
     <span class='ocr_line' id='line_1_23' title="bbox 243 2994 2060 3082; baseline 0.001 -22"><span class='ocrx_word' id='word_1_213' title='bbox 243 2994 491 3081; x_wconf 91' lang='lat' dir='ltr'><strong>descriptionem</strong></span> <span class='ocrx_word' id='word_1_214' title='bbox 515 3001 547 3062; x_wconf 91' lang='lat' dir='ltr'><strong>et</strong></span> <span class='ocrx_word' id='word_1_215' title='bbox 571 3015 800 3080; x_wconf 86' lang='lat' dir='ltr'><strong>componamus</strong></span> <span class='ocrx_word' id='word_1_216' title='bbox 824 3016 896 3062; x_wconf 91' lang='lat' dir='ltr'><strong>cum</strong></span> <span class='ocrx_word' id='word_1_217' title='bbox 919 2995 1076 3082; x_wconf 91' lang='lat' dir='ltr'><strong>Propertii</strong></span> <span class='ocrx_word' id='word_1_218' title='bbox 1100 3003 1133 3063; x_wconf 92' lang='lat' dir='ltr'><strong>et</strong></span> <span class='ocrx_word' id='word_1_219' title='bbox 1155 2997 1241 3062; x_wconf 90' lang='lat' dir='ltr'><strong>Livii</strong></span> <span class='ocrx_word' id='word_1_220' title='bbox 1264 2997 1379 3066; x_wconf 86' lang='lat' dir='ltr'><strong>verbis.</strong></span> <span class='ocrx_word' id='word_1_221' title='bbox 1418 2996 1529 3064; x_wconf 91' lang='lat' dir='ltr'><strong>Prodit</strong></span> <span class='ocrx_word' id='word_1_222' title='bbox 1543 2996 1626 3065; x_wconf 92' lang='lat' dir='ltr'><strong>haec</strong></span> <span class='ocrx_word' id='word_1_223' title='bbox 1646 2996 1823 3082; x_wconf 71' lang='lat' dir='ltr'><strong>(antiquitt.</strong></span> <span class='ocrx_word' id='word_1_224' title='bbox 1839 2997 1931 3064; x_wconf 87' lang='lat' dir='ltr'><strong>Rom.</strong></span> <span class='ocrx_word' id='word_1_225' title='bbox 1947 2996 1973 3082; x_wconf 96' lang='lat' dir='ltr'><strong>I,</strong></span> <span class='ocrx_word' id='word_1_226' title='bbox 1990 2997 2060 3082; x_wconf 82' lang='grc'>39);</span> 
     </span>
     <span class='ocr_line' id='line_1_24' title="bbox 243 3099 2057 3192; baseline 0.001 -25"><span class='ocrx_word' id='word_1_227' title='bbox 243 3099 284 3172; x_wconf 81' lang='grc' dir='ltr'><strong>,Ὁ</strong></span> <span class='ocrx_word' id='word_1_228' title='bbox 304 3103 356 3186; x_wconf 74' lang='grc' dir='ltr'><strong>μὲν</strong></span> <span class='ocrx_word' id='word_1_229' title='bbox 380 3099 431 3166; x_wconf 75' lang='grc' dir='ltr'><strong>οὖν</strong></span> <span class='ocrx_word' id='word_1_230' title='bbox 456 3102 579 3188; x_wconf 78' lang='grc' dir='ltr'>μυθικὸς</span> <span class='ocrx_word' id='word_1_231' title='bbox 602 3103 668 3188; x_wconf 79' lang='grc' dir='ltr'>περὶ</span> <span class='ocrx_word' id='word_1_232' title='bbox 690 3108 742 3188; x_wconf 76' lang='grc' dir='ltr'><strong>τῆς</strong></span> <span class='ocrx_word' id='word_1_233' title='bbox 764 3103 926 3192; x_wconf 81' lang='grc' dir='ltr'>παρουσίας</span> <span class='ocrx_word' id='word_1_234' title='bbox 950 3102 1040 3168; x_wconf 81' lang='grc' dir='ltr'>αὐτοῦ</span> <span class='ocrx_word' id='word_1_235' title='bbox 1063 3104 1143 3186; x_wconf 86' lang='lat' dir='ltr'><strong>(scil.</strong></span> <span class='ocrx_word' id='word_1_236' title='bbox 1166 3103 1360 3190; x_wconf 78' lang='grc' dir='ltr'>Ἡρακλέους)</span> <span class='ocrx_word' id='word_1_237' title='bbox 1383 3105 1470 3189; x_wconf 75' lang='grc' dir='ltr'>λόγος</span> <span class='ocrx_word' id='word_1_238' title='bbox 1493 3101 1546 3170; x_wconf 83' lang='grc' dir='ltr'><strong>ὧδ’</strong></span> <span class='ocrx_word' id='word_1_239' title='bbox 1573 3103 1648 3192; x_wconf 77' lang='grc' dir='ltr'>ἔχει·</span> <span class='ocrx_word' id='word_1_240' title='bbox 1678 3108 1719 3176; x_wconf 84' lang='grc' dir='ltr'><strong>ὡς</strong></span> <span class='ocrx_word' id='word_1_241' title='bbox 1747 3106 1785 3189; x_wconf 83' lang='grc' dir='ltr'><strong>δὴ</strong></span> <span class='ocrx_word' id='word_1_242' title='bbox 1813 3104 1983 3174; x_wconf 82' lang='grc' dir='ltr'>κελευσθεὶς</span> <span class='ocrx_word' id='word_1_243' title='bbox 2011 3102 2057 3168; x_wconf 82' lang='grc' dir='ltr'><strong>ὑπ’</strong></span> 
     </span>
     <span class='ocr_line' id='line_1_25' title="bbox 246 3206 2061 3300; baseline 0.001 -26"><span class='ocrx_word' id='word_1_244' title='bbox 246 3206 426 3295; x_wconf 74' lang='grc' dir='ltr'>Εὐρυσθέως</span> <span class='ocrx_word' id='word_1_245' title='bbox 457 3207 606 3296; x_wconf 75' lang='grc' dir='ltr'>Ἡρακλῆς</span> <span class='ocrx_word' id='word_1_246' title='bbox 646 3211 697 3274; x_wconf 76' lang='lat' dir='ltr'><strong>obs</strong></span> <span class='ocrx_word' id='word_1_247' title='bbox 733 3214 792 3280; x_wconf 85' lang='grc' dir='ltr'>τοῖς</span> <span class='ocrx_word' id='word_1_248' title='bbox 826 3209 927 3282; x_wconf 83' lang='grc' dir='ltr'>ἄλλοις</span> <span class='ocrx_word' id='word_1_249' title='bbox 959 3210 1062 3282; x_wconf 81' lang='grc' dir='ltr'>ἄθλοις</span> <span class='ocrx_word' id='word_1_250' title='bbox 1096 3212 1145 3276; x_wconf 84' lang='grc' dir='ltr'><strong>καὶ</strong></span> <span class='ocrx_word' id='word_1_251' title='bbox 1177 3213 1229 3284; x_wconf 78' lang='grc' dir='ltr'><strong>τὰς</strong></span> <span class='ocrx_word' id='word_1_252' title='bbox 1266 3212 1416 3298; x_wconf 82' lang='grc' dir='ltr'>Γηρυόνου</span> <span class='ocrx_word' id='word_1_253' title='bbox 1465 3214 1535 3300; x_wconf 82' lang='grc' dir='ltr'>βοός</span> <span class='ocrx_word' id='word_1_254' title='bbox 1583 3213 1612 3284; x_wconf 72' lang='grc' dir='ltr'><strong>ἐξ</strong></span> <span class='ocrx_word' id='word_1_255' title='bbox 1655 3209 1843 3299; x_wconf 75' lang='grc' dir='ltr'>Ἐρυθείας</span> <span class='ocrx_word' id='word_1_256' title='bbox 1882 3212 1924 3284; x_wconf 78' lang='grc' dir='ltr'><strong>εἰς</strong></span> <span class='ocrx_word' id='word_1_257' title='bbox 1960 3209 2061 3297; x_wconf 75' lang='grc' dir='ltr'>Ἄργος</span> 
     </span>
     <span class='ocr_line' id='line_1_26' title="bbox 243 3314 2057 3408; baseline 0.001 -27"><span class='ocrx_word' id='word_1_258' title='bbox 243 3317 438 3394; x_wconf 80' lang='grc' dir='ltr'>ἀπελάσαι,</span> <span class='ocrx_word' id='word_1_259' title='bbox 467 3315 588 3387; x_wconf 79' lang='grc' dir='ltr'>τελέσας</span> <span class='ocrx_word' id='word_1_260' title='bbox 610 3317 660 3380; x_wconf 81' lang='grc' dir='ltr'><strong>τόν</strong></span> <span class='ocrx_word' id='word_1_261' title='bbox 692 3314 785 3381; x_wconf 83' lang='grc' dir='ltr'>ἆθλον</span> <span class='ocrx_word' id='word_1_262' title='bbox 809 3318 859 3382; x_wconf 78' lang='grc' dir='ltr'><strong>καὶ</strong></span> <span class='ocrx_word' id='word_1_263' title='bbox 880 3320 932 3402; x_wconf 85' lang='grc' dir='ltr'><strong>τὴν</strong></span> <span class='ocrx_word' id='word_1_264' title='bbox 959 3317 1062 3384; x_wconf 79' lang='grc' dir='ltr'>οἴκαδε</span> <span class='ocrx_word' id='word_1_265' title='bbox 1081 3321 1200 3403; x_wconf 79' lang='grc' dir='ltr'>πορείαν</span> <span class='ocrx_word' id='word_1_266' title='bbox 1220 3319 1394 3405; x_wconf 79' lang='grc' dir='ltr'>ποιούμενος</span> <span class='ocrx_word' id='word_1_267' title='bbox 1413 3319 1492 3406; x_wconf 75' lang='grc' dir='ltr'>ἄλλῃ</span> <span class='ocrx_word' id='word_1_268' title='bbox 1510 3344 1543 3384; x_wconf 79' lang='grc' dir='ltr'><strong>τε</strong></span> <span class='ocrx_word' id='word_1_269' title='bbox 1561 3323 1703 3408; x_wconf 81' lang='grc' dir='ltr'>πολλαχῇ</span> <span class='ocrx_word' id='word_1_270' title='bbox 1720 3326 1771 3406; x_wconf 73' lang='grc' dir='ltr'><strong>τῆς</strong></span> <span class='ocrx_word' id='word_1_271' title='bbox 1790 3317 1914 3391; x_wconf 86' lang='grc' dir='ltr'>Ἰταλίας</span> <span class='ocrx_word' id='word_1_272' title='bbox 1934 3320 2057 3405; x_wconf 80' lang='grc' dir='ltr'>ἀφίκετο</span> 
     </span>
     <span class='ocr_line' id='line_1_27' title="bbox 243 3421 2057 3514; baseline 0.002 -27"><span class='ocrx_word' id='word_1_273' title='bbox 243 3424 293 3487; x_wconf 85' lang='grc' dir='ltr'><strong>καὶ</strong></span> <span class='ocrx_word' id='word_1_274' title='bbox 316 3429 367 3508; x_wconf 78' lang='grc' dir='ltr'><strong>τῆς</strong></span> <span class='ocrx_word' id='word_1_275' title='bbox 389 3421 574 3510; x_wconf 77' lang='grc' dir='ltr'>Ἀβοριγίνων</span> <span class='ocrx_word' id='word_1_276' title='bbox 598 3429 650 3509; x_wconf 76' lang='grc' dir='ltr'><strong>γῆς</strong></span> <span class='ocrx_word' id='word_1_277' title='bbox 672 3424 712 3494; x_wconf 81' lang='grc' dir='ltr'><strong>εἰς</strong></span> <span class='ocrx_word' id='word_1_278' title='bbox 735 3425 768 3488; x_wconf 82' lang='grc' dir='ltr'><strong>τὸ</strong></span> <span class='ocrx_word' id='word_1_279' title='bbox 792 3426 937 3512; x_wconf 80' lang='grc' dir='ltr'>προσεχὲς</span> <span class='ocrx_word' id='word_1_280' title='bbox 961 3429 1003 3512; x_wconf 80' lang='grc' dir='ltr'><strong>τῷ</strong></span> <span class='ocrx_word' id='word_1_281' title='bbox 1028 3425 1241 3511; x_wconf 83' lang='grc' dir='ltr'>Παλλαντίῳ</span> <span class='ocrx_word' id='word_1_282' title='bbox 1262 3429 1382 3514; x_wconf 82' lang='grc' dir='ltr'>χωρίον.</span> <span class='ocrx_word' id='word_1_283' title='bbox 1410 3425 1514 3514; x_wconf 82' lang='grc' dir='ltr'>Εὑριθν</span> <span class='ocrx_word' id='word_1_284' title='bbox 1536 3429 1569 3492; x_wconf 82' lang='grc' dir='ltr'><strong>δὲ</strong></span> <span class='ocrx_word' id='word_1_285' title='bbox 1588 3427 1678 3492; x_wconf 90' lang='grc' dir='ltr'>πόαν</span> <span class='ocrx_word' id='word_1_286' title='bbox 1697 3429 1727 3492; x_wconf 85' lang='grc' dir='ltr'><strong>ἐν</strong></span> <span class='ocrx_word' id='word_1_287' title='bbox 1752 3426 1833 3514; x_wconf 78' lang='grc' dir='ltr'>αὐτῷ</span> <span class='ocrx_word' id='word_1_288' title='bbox 1858 3427 2057 3514; x_wconf 85' lang='grc' dir='ltr'>βουκολίδα</span> 
     </span>
     <span class='ocr_line' id='line_1_28' title="bbox 244 3531 2060 3622; baseline 0.002 -28"><span class='ocrx_word' id='word_1_289' title='bbox 244 3531 355 3615; x_wconf 82' lang='grc' dir='ltr'>πολλὴν</span> <span class='ocrx_word' id='word_1_290' title='bbox 379 3531 429 3595; x_wconf 83' lang='grc' dir='ltr'><strong>καὶ</strong></span> <span class='ocrx_word' id='word_1_291' title='bbox 452 3532 556 3614; x_wconf 81' lang='grc' dir='ltr'>καλὴν,</span> <span class='ocrx_word' id='word_1_292' title='bbox 587 3531 639 3600; x_wconf 84' lang='grc' dir='ltr'><strong>τὰς</strong></span> <span class='ocrx_word' id='word_1_293' title='bbox 668 3532 720 3616; x_wconf 80' lang='grc' dir='ltr'><strong>μὲν</strong></span> <span class='ocrx_word' id='word_1_294' title='bbox 746 3531 818 3618; x_wconf 89' lang='grc' dir='ltr'>βόας</span> <span class='ocrx_word' id='word_1_295' title='bbox 841 3533 949 3618; x_wconf 77' lang='grc' dir='ltr'>ἀνῆκον</span> <span class='ocrx_word' id='word_1_296' title='bbox 973 3534 1013 3604; x_wconf 75' lang='grc' dir='ltr'><strong>είς</strong></span> <span class='ocrx_word' id='word_1_297' title='bbox 1037 3535 1138 3620; x_wconf 80' lang='grc' dir='ltr'>νομὴν,</span> <span class='ocrx_word' id='word_1_298' title='bbox 1164 3534 1271 3606; x_wconf 80' lang='grc' dir='ltr'>αὐτὸς</span> <span class='ocrx_word' id='word_1_299' title='bbox 1295 3536 1332 3599; x_wconf 85' lang='grc' dir='ltr'><strong>δὲ</strong></span> <span class='ocrx_word' id='word_1_300' title='bbox 1356 3535 1602 3622; x_wconf 79' lang='grc' dir='ltr'>βαρυνόμενος</span> <span class='ocrx_word' id='word_1_301' title='bbox 1625 3536 1692 3600; x_wconf 81' lang='grc' dir='ltr'><strong>ὑπὸ</strong></span> <span class='ocrx_word' id='word_1_302' title='bbox 1716 3534 1843 3612; x_wconf 81' lang='grc' dir='ltr'>κόπου,</span> <span class='ocrx_word' id='word_1_303' title='bbox 1873 3534 2060 3604; x_wconf 84' lang='grc' dir='ltr'>κατακλιθεὶς</span> 
     </span>
     <span class='ocr_line' id='line_1_29' title="bbox 243 3634 597 3725; baseline 0.008 -25"><span class='ocrx_word' id='word_1_304' title='bbox 243 3634 355 3701; x_wconf 82' lang='grc' dir='ltr'>ἔδωκεν</span> <span class='ocrx_word' id='word_1_305' title='bbox 380 3637 468 3703; x_wconf 79' lang='grc' dir='ltr'>αὑτὸν</span> <span class='ocrx_word' id='word_1_306' title='bbox 493 3639 597 3725; x_wconf 63' lang='lat' dir='ltr'><strong>traps</strong></span> 
     </span>
    </p>
   </div>
   <div class='ocr_carea' id='block_1_8' title="bbox 244 3763 2058 4068">
    <p class='ocr_par' dir='ltr' id='par_1_9' title="bbox 244 3763 2058 4068">
     <span class='ocr_line' id='line_1_30' title="bbox 403 3763 2058 3854; baseline 0.001 -24"><span class='ocrx_word' id='word_1_307' title='bbox 403 3763 590 3848; x_wconf 84' lang='lat' dir='ltr'><strong>(lampares,</strong></span> <span class='ocrx_word' id='word_1_308' title='bbox 624 3783 758 3850; x_wconf 89' lang='lat' dir='ltr'><strong>quaeso,</strong></span> <span class='ocrx_word' id='word_1_309' title='bbox 791 3785 862 3833; x_wconf 91' lang='lat' dir='ltr'><strong>cum</strong></span> <span class='ocrx_word' id='word_1_310' title='bbox 896 3765 982 3842; x_wconf 84' lang='grc' dir='ltr'>,πόαν</span> <span class='ocrx_word' id='word_1_311' title='bbox 1012 3767 1181 3853; x_wconf 68' lang='grc' dir='ltr'><strong>βουκολίδαι</strong></span> <span class='ocrx_word' id='word_1_312' title='bbox 1209 3767 1367 3853; x_wconf 87' lang='lat' dir='ltr'><strong>Propertii</strong></span> <span class='ocrx_word' id='word_1_313' title='bbox 1396 3788 1565 3854; x_wconf 88' lang='lat' dir='ltr'><strong>,pecorosa</strong></span> <span class='ocrx_word' id='word_1_314' title='bbox 1606 3766 1756 3853; x_wconf 87' lang='lat' dir='ltr'><strong>Palatia‘,</strong></span> <span class='ocrx_word' id='word_1_315' title='bbox 1790 3788 1862 3834; x_wconf 90' lang='lat' dir='ltr'><strong>cum</strong></span> <span class='ocrx_word' id='word_1_316' title='bbox 1895 3767 1996 3846; x_wconf 76' lang='grc' dir='ltr'>,αὐτὸς</span> <span class='ocrx_word' id='word_1_317' title='bbox 2024 3768 2058 3832; x_wconf 83' lang='grc' dir='ltr'><strong>δὲ</strong></span> 
     </span>
     <span class='ocr_line' id='line_1_31' title="bbox 244 3867 2056 3961; baseline 0.003 -27"><span class='ocrx_word' id='word_1_318' title='bbox 244 3867 442 3957; x_wconf 81' lang='grc' dir='ltr'>βαρυνόμενος</span> <span class='ocrx_word' id='word_1_319' title='bbox 473 3871 528 3934; x_wconf 79' lang='grc' dir='ltr'><strong>ὑπὸ</strong></span> <span class='ocrx_word' id='word_1_320' title='bbox 557 3869 662 3935; x_wconf 68' lang='grc' dir='ltr'>κόπου*</span> <span class='ocrx_word' id='word_1_321' title='bbox 686 3871 843 3957; x_wconf 88' lang='lat' dir='ltr'><strong>Propertii</strong></span> <span class='ocrx_word' id='word_1_322' title='bbox 874 3873 989 3958; x_wconf 83' lang='lat' dir='ltr'><strong>,fessus</strong></span> <span class='ocrx_word' id='word_1_323' title='bbox 1018 3881 1051 3941; x_wconf 90' lang='lat' dir='ltr'><strong>et</strong></span> <span class='ocrx_word' id='word_1_324' title='bbox 1072 3875 1171 3960; x_wconf 77' lang='lat' dir='ltr'><strong>,ipse‘,</strong></span> <span class='ocrx_word' id='word_1_325' title='bbox 1205 3882 1238 3942; x_wconf 89' lang='lat' dir='ltr'><strong>et</strong></span> <span class='ocrx_word' id='word_1_326' title='bbox 1260 3875 1346 3942; x_wconf 88' lang='lat' dir='ltr'><strong>adde</strong></span> <span class='ocrx_word' id='word_1_327' title='bbox 1375 3875 1463 3960; x_wconf 92' lang='lat' dir='ltr'><strong>quod</strong></span> <span class='ocrx_word' id='word_1_328' title='bbox 1489 3873 1590 3961; x_wconf 91' lang='lat' dir='ltr'><strong>locus,</strong></span> <span class='ocrx_word' id='word_1_329' title='bbox 1614 3875 1700 3942; x_wconf 90' lang='lat' dir='ltr'><strong>unde</strong></span> <span class='ocrx_word' id='word_1_330' title='bbox 1724 3875 1879 3942; x_wconf 89' lang='lat' dir='ltr'><strong>Hercules</strong></span> <span class='ocrx_word' id='word_1_331' title='bbox 1903 3875 2056 3942; x_wconf 87' lang='lat' dir='ltr'><strong>iuvencos</strong></span> 
     </span>
     <span class='ocr_line' id='line_1_32' title="bbox 244 3977 2056 4068; baseline 0.002 -26"><span class='ocrx_word' id='word_1_332' title='bbox 244 3977 402 4062; x_wconf 80' lang='lat' dir='ltr'><strong>abegerat</strong></span> <span class='ocrx_word' id='word_1_333' title='bbox 425 3977 602 4064; x_wconf 81' lang='lat' dir='ltr'><strong>(Erythea),</strong></span> <span class='ocrx_word' id='word_1_334' title='bbox 627 3999 648 4043; x_wconf 90' lang='lat' dir='ltr'><strong>a</strong></span> <span class='ocrx_word' id='word_1_335' title='bbox 671 3978 829 4066; x_wconf 85' lang='lat' dir='ltr'><strong>Dionysio</strong></span> <span class='ocrx_word' id='word_1_336' title='bbox 854 4001 981 4066; x_wconf 88' lang='lat' dir='ltr'><strong>quoque</strong></span> <span class='ocrx_word' id='word_1_337' title='bbox 1004 3982 1195 4067; x_wconf 89' lang='lat' dir='ltr'><strong>nominatur,</strong></span> <span class='ocrx_word' id='word_1_338' title='bbox 1219 4003 1284 4048; x_wconf 94' lang='lat' dir='ltr'><strong>uon</strong></span> <span class='ocrx_word' id='word_1_339' title='bbox 1307 4003 1328 4050; x_wconf 92' lang='lat' dir='ltr'><strong>a</strong></span> <span class='ocrx_word' id='word_1_340' title='bbox 1351 3983 1455 4049; x_wconf 85' lang='lat' dir='ltr'><strong>Livio.</strong></span> <span class='ocrx_word' id='word_1_341' title='bbox 1501 3983 1588 4049; x_wconf 88' lang='lat' dir='ltr'><strong>Velis</strong></span> <span class='ocrx_word' id='word_1_342' title='bbox 1612 3983 1706 4068; x_wconf 90' lang='lat' dir='ltr'><strong>nolis,</strong></span> <span class='ocrx_word' id='word_1_343' title='bbox 1736 3982 1977 4049; x_wconf 90' lang='lat' dir='ltr'><strong>concedendum</strong></span> <span class='ocrx_word' id='word_1_344' title='bbox 1999 3981 2056 4047; x_wconf 89' lang='lat' dir='ltr'><strong>tibi</strong></span> 
     </span>
    </p>
   </div>
   <div class='ocr_carea' id='block_1_9' title="bbox 244 4081 2057 4274">
    <p class='ocr_par' dir='ltr' id='par_1_10' title="bbox 244 4081 2057 4274">
     <span class='ocr_line' id='line_1_33' title="bbox 246 4081 2057 4176; baseline 0.003 -28"><span class='ocrx_word' id='word_1_345' title='bbox 246 4081 306 4148; x_wconf 90' lang='lat' dir='ltr'><strong>erit</strong></span> <span class='ocrx_word' id='word_1_346' title='bbox 329 4090 416 4150; x_wconf 88' lang='lat' dir='ltr'><strong>certe</strong></span> <span class='ocrx_word' id='word_1_347' title='bbox 439 4105 504 4150; x_wconf 90' lang='lat' dir='ltr'><strong>non</strong></span> <span class='ocrx_word' id='word_1_348' title='bbox 527 4084 656 4153; x_wconf 85' lang='lat' dir='ltr'><strong>laxius</strong></span> <span class='ocrx_word' id='word_1_349' title='bbox 680 4107 752 4154; x_wconf 88' lang='lat' dir='ltr'><strong>esse</strong></span> <span class='ocrx_word' id='word_1_350' title='bbox 776 4087 937 4154; x_wconf 88' lang='lat' dir='ltr'><strong>vinculum</strong></span> <span class='ocrx_word' id='word_1_351' title='bbox 959 4089 1024 4156; x_wconf 90' lang='lat' dir='ltr'><strong>iam</strong></span> <span class='ocrx_word' id='word_1_352' title='bbox 1047 4090 1109 4156; x_wconf 90' lang='lat' dir='ltr'><strong>huc</strong></span> <span class='ocrx_word' id='word_1_353' title='bbox 1131 4110 1232 4176; x_wconf 89' lang='lat' dir='ltr'><strong>usque</strong></span> <span class='ocrx_word' id='word_1_354' title='bbox 1255 4091 1338 4158; x_wconf 88' lang='lat' dir='ltr'><strong>iuter</strong></span> <span class='ocrx_word' id='word_1_355' title='bbox 1360 4091 1559 4176; x_wconf 89' lang='lat' dir='ltr'><strong>Propertium</strong></span> <span class='ocrx_word' id='word_1_356' title='bbox 1584 4097 1616 4159; x_wconf 90' lang='lat' dir='ltr'><strong>et</strong></span> <span class='ocrx_word' id='word_1_357' title='bbox 1640 4090 1832 4176; x_wconf 82' lang='lat' dir='ltr'><strong>Dionysium</strong></span> <span class='ocrx_word' id='word_1_358' title='bbox 1855 4110 1951 4174; x_wconf 86' lang='lat' dir='ltr'><strong>quam</strong></span> <span class='ocrx_word' id='word_1_359' title='bbox 1974 4089 2057 4154; x_wconf 88' lang='lat' dir='ltr'><strong>inter</strong></span> 
     </span>
     <span class='ocr_line' id='line_1_34' title="bbox 244 4191 853 4274; baseline 0.011 -19"><span class='ocrx_word' id='word_1_360' title='bbox 244 4196 378 4274; x_wconf 90' lang='lat' dir='ltr'><strong>poetam</strong></span> <span class='ocrx_word' id='word_1_361' title='bbox 401 4197 433 4256; x_wconf 92' lang='lat' dir='ltr'><strong>et</strong></span> <span class='ocrx_word' id='word_1_362' title='bbox 455 4191 641 4260; x_wconf 89' lang='lat' dir='ltr'><strong>historicum</strong></span> <span class='ocrx_word' id='word_1_363' title='bbox 664 4195 853 4262; x_wconf 86' lang='lat' dir='ltr'><strong>Romanum.</strong></span> 
     </span>
    </p>
   </div>
   <div class='ocr_carea' id='block_1_10' title="bbox 406 4297 1612 4392">
    <p class='ocr_par' dir='ltr' id='par_1_11' title="bbox 406 4297 1612 4392">
     <span class='ocr_line' id='line_1_35' title="bbox 406 4297 1612 4392; baseline 0.007 -29"><span class='ocrx_word' id='word_1_364' title='bbox 406 4297 474 4365; x_wconf 88' lang='lat' dir='ltr'><strong>Sed</strong></span> <span class='ocrx_word' id='word_1_365' title='bbox 496 4299 664 4367; x_wconf 87' lang='lat' dir='ltr'><strong>videamus</strong></span> <span class='ocrx_word' id='word_1_366' title='bbox 688 4322 773 4386; x_wconf 88' lang='lat' dir='ltr'><strong>quae</strong></span> <span class='ocrx_word' id='word_1_367' title='bbox 796 4311 970 4388; x_wconf 89' lang='lat' dir='ltr'><strong>sequuntur</strong></span> <span class='ocrx_word' id='word_1_368' title='bbox 992 4305 1080 4391; x_wconf 92' lang='lat' dir='ltr'><strong>apud</strong></span> <span class='ocrx_word' id='word_1_369' title='bbox 1104 4305 1295 4392; x_wconf 82' lang='lat' dir='ltr'><strong>Dionysium</strong></span> <span class='ocrx_word' id='word_1_370' title='bbox 1318 4305 1612 4374; x_wconf 87' lang='lat' dir='ltr'><strong>Halioamasseum.</strong></span> 
     </span>
    </p>
   </div>
   <div class='ocr_carea' id='block_1_11' title="bbox 388 4547 1428 4893">
    <p class='ocr_par' dir='ltr' id='par_1_12' title="bbox 388 4547 1428 4893">
     <span class='ocr_line' id='line_1_36' title="bbox 388 4547 918 4623; baseline 0.013 -22"><span class='ocrx_word' id='word_1_371' title='bbox 388 4547 409 4619; x_wconf 90' lang='lat'><strong>¹)</strong></span> <span class='ocrx_word' id='word_1_372' title='bbox 438 4549 473 4604; x_wconf 84' lang='lat' dir='ltr'><strong>of.</strong></span> <span class='ocrx_word' id='word_1_373' title='bbox 493 4548 573 4618; x_wconf 84' lang='lat' dir='ltr'><strong>Verg.</strong></span> <span class='ocrx_word' id='word_1_374' title='bbox 592 4552 661 4604; x_wconf 77' lang='lat' dir='ltr'><strong>Aen.</strong></span> <span class='ocrx_word' id='word_1_375' title='bbox 681 4551 758 4620; x_wconf 87' lang='lat' dir='ltr'><strong>VIII,</strong></span> <span class='ocrx_word' id='word_1_376' title='bbox 778 4556 830 4608; x_wconf 78' lang='lat'><strong>200</strong></span> <span class='ocrx_word' id='word_1_377' title='bbox 849 4569 918 4623; x_wconf 89' lang='lat' dir='ltr'><strong>sqq.:</strong></span> 
     </span>
     <span class='ocr_line' id='line_1_37' title="bbox 672 4642 1428 4716; baseline 0.007 -21"><span class='ocrx_word' id='word_1_378' title='bbox 672 4644 769 4711; x_wconf 80' lang='lat' dir='ltr'><strong>,Atque</strong></span> <span class='ocrx_word' id='word_1_379' title='bbox 788 4642 844 4712; x_wconf 90' lang='lat' dir='ltr'><strong>hos,</strong></span> <span class='ocrx_word' id='word_1_380' title='bbox 863 4659 952 4712; x_wconf 86' lang='lat' dir='ltr'><strong>nequa</strong></span> <span class='ocrx_word' id='word_1_381' title='bbox 969 4644 1060 4699; x_wconf 87' lang='lat' dir='ltr'><strong>lorent</strong></span> <span class='ocrx_word' id='word_1_382' title='bbox 1078 4643 1190 4714; x_wconf 88' lang='lat' dir='ltr'><strong>pedibus</strong></span> <span class='ocrx_word' id='word_1_383' title='bbox 1208 4646 1322 4716; x_wconf 81' lang='lat' dir='ltr'><strong>vestigia</strong></span> <span class='ocrx_word' id='word_1_384' title='bbox 1339 4646 1428 4715; x_wconf 80' lang='lat' dir='ltr'><strong>raetis,</strong></span> 
     </span>
     <span class='ocr_line' id='line_1_38' title="bbox 672 4729 1376 4806; baseline 0.004 -19"><span class='ocrx_word' id='word_1_385' title='bbox 672 4729 763 4787; x_wconf 85' lang='lat' dir='ltr'><strong>Gauda</strong></span> <span class='ocrx_word' id='word_1_386' title='bbox 779 4731 808 4785; x_wconf 85' lang='lat' dir='ltr'><strong>iu</strong></span> <span class='ocrx_word' id='word_1_387' title='bbox 826 4732 980 4802; x_wconf 86' lang='lat' dir='ltr'><strong>speluncam</strong></span> <span class='ocrx_word' id='word_1_388' title='bbox 1000 4736 1098 4789; x_wconf 88' lang='lat' dir='ltr'><strong>tractos</strong></span> <span class='ocrx_word' id='word_1_389' title='bbox 1116 4735 1254 4806; x_wconf 79' lang='lat' dir='ltr'><strong>uersisque</strong></span> <span class='ocrx_word' id='word_1_390' title='bbox 1274 4735 1376 4790; x_wconf 86' lang='lat' dir='ltr'><strong>viarum</strong></span> 
     </span>
     <span class='ocr_line' id='line_1_39' title="bbox 671 4821 1255 4893; baseline 0.009 -18"><span class='ocrx_word' id='word_1_391' title='bbox 671 4821 780 4875; x_wconf 88' lang='lat' dir='ltr'><strong>Iudiciis</strong></span> <span class='ocrx_word' id='word_1_392' title='bbox 799 4825 889 4891; x_wconf 90' lang='lat' dir='ltr'><strong>raptor</strong></span> <span class='ocrx_word' id='word_1_393' title='bbox 907 4839 971 4877; x_wconf 85' lang='lat' dir='ltr'><strong>saxo</strong></span> <span class='ocrx_word' id='word_1_394' title='bbox 990 4823 1138 4879; x_wconf 75' lang='lat' dir='ltr'><strong>ocemtabat</strong></span> <span class='ocrx_word' id='word_1_395' title='bbox 1156 4828 1255 4893; x_wconf 65' lang='lat' dir='ltr'><strong>opaco.²</strong></span> 
     </span>
    </p>
   </div>
   <div class='ocr_carea' id='block_1_12' title="bbox 408 4923 1591 5274">
    <p class='ocr_par' dir='ltr' id='par_1_13' title="bbox 408 4923 1591 5274">
     <span class='ocr_line' id='line_1_40' title="bbox 408 4923 777 4999; baseline 0.011 -20"><span class='ocrx_word' id='word_1_396' title='bbox 408 4923 429 4994; x_wconf 82' lang='lat'><strong>¹)</strong></span> <span class='ocrx_word' id='word_1_397' title='bbox 448 4927 516 4980; x_wconf 81' lang='lat' dir='ltr'><strong>Aac.</strong></span> <span class='ocrx_word' id='word_1_398' title='bbox 535 4927 613 4997; x_wconf 90' lang='lat' dir='ltr'><strong>VIII,</strong></span> <span class='ocrx_word' id='word_1_399' title='bbox 633 4933 684 4986; x_wconf 81' lang='lat'><strong>259</strong></span> <span class='ocrx_word' id='word_1_400' title='bbox 703 4943 777 4999; x_wconf 88' lang='lat' dir='ltr'><strong>sqq.:</strong></span> 
     </span>
     <span class='ocr_line' id='line_1_41' title="bbox 670 5019 1431 5088; baseline 0.001 -12"><span class='ocrx_word' id='word_1_401' title='bbox 670 5021 731 5088; x_wconf 79' lang='lat' dir='ltr'><strong>,lito</strong></span> <span class='ocrx_word' id='word_1_402' title='bbox 749 5019 847 5077; x_wconf 81' lang='lat' dir='ltr'><strong>Cacum</strong></span> <span class='ocrx_word' id='word_1_403' title='bbox 866 5021 895 5074; x_wconf 90' lang='lat' dir='ltr'><strong>iu</strong></span> <span class='ocrx_word' id='word_1_404' title='bbox 913 5020 1032 5076; x_wconf 68' lang='lat' dir='ltr'><strong>mnebris</strong></span> <span class='ocrx_word' id='word_1_405' title='bbox 1050 5021 1174 5077; x_wconf 84' lang='lat' dir='ltr'><strong>incendia</strong></span> <span class='ocrx_word' id='word_1_406' title='bbox 1191 5037 1261 5076; x_wconf 83' lang='lat' dir='ltr'><strong>vana</strong></span> <span class='ocrx_word' id='word_1_407' title='bbox 1277 5025 1431 5078; x_wconf 84' lang='lat' dir='ltr'><strong>vomentem</strong></span> 
     </span>
     <span class='ocr_line' id='line_1_42' title="bbox 671 5109 1591 5182; baseline 0 -14"><span class='ocrx_word' id='word_1_408' title='bbox 671 5110 827 5180; x_wconf 83' lang='lat' dir='ltr'><strong>Corripit</strong></span> <span class='ocrx_word' id='word_1_409' title='bbox 844 5111 879 5165; x_wconf 91' lang='lat' dir='ltr'><strong>in</strong></span> <span class='ocrx_word' id='word_1_410' title='bbox 897 5112 1014 5166; x_wconf 88' lang='lat' dir='ltr'><strong>nodum</strong></span> <span class='ocrx_word' id='word_1_411' title='bbox 1033 5109 1227 5180; x_wconf 84' lang='lat' dir='ltr'><strong>complexus</strong></span> <span class='ocrx_word' id='word_1_412' title='bbox 1246 5113 1278 5165; x_wconf 91' lang='lat' dir='ltr'><strong>et</strong></span> <span class='ocrx_word' id='word_1_413' title='bbox 1296 5112 1394 5182; x_wconf 86' lang='lat' dir='ltr'><strong>angit</strong></span> <span class='ocrx_word' id='word_1_414' title='bbox 1411 5113 1591 5170; x_wconf 85' lang='lat' dir='ltr'><strong>inhaerens</strong></span> 
     </span>
     <span class='ocr_line' id='line_1_43' title="bbox 672 5197 1428 5274; baseline 0 -16"><span class='ocrx_word' id='word_1_415' title='bbox 672 5197 778 5258; x_wconf 86' lang='lat' dir='ltr'><strong>Elisos</strong></span> <span class='ocrx_word' id='word_1_416' title='bbox 797 5199 908 5258; x_wconf 90' lang='lat' dir='ltr'><strong>oculos</strong></span> <span class='ocrx_word' id='word_1_417' title='bbox 928 5203 959 5256; x_wconf 92' lang='lat' dir='ltr'><strong>at</strong></span> <span class='ocrx_word' id='word_1_418' title='bbox 977 5201 1099 5257; x_wconf 87' lang='lat' dir='ltr'><strong>siecum</strong></span> <span class='ocrx_word' id='word_1_419' title='bbox 1118 5201 1278 5274; x_wconf 83' lang='lat' dir='ltr'><strong>sanguine</strong></span> <span class='ocrx_word' id='word_1_420' title='bbox 1296 5203 1428 5274; x_wconf 66' lang='lat' dir='ltr'><strong>guttur.t</strong></span> 
     </span>
    </p>
   </div>
   <div class='ocr_carea' id='block_1_13' title="bbox 0 0 2474 5972">
    <p class='ocr_par' dir='ltr' id='par_1_14' title="bbox 0 0 2474 5972">
     <span class='ocr_line' id='line_1_44' title="bbox 0 0 2474 5972; baseline 0 0"><span class='ocrx_word' id='word_1_421' title='bbox 0 0 2474 5972; x_wconf 95' lang='lat' dir='ltr'><strong> </strong></span> 
     </span>
    </p>
   </div>
  </div>
 </body>
</html>
