<?xml version="1.0" encoding="UTF-8"?>
<!DOCTYPE html PUBLIC "-//W3C//DTD XHTML 1.0 Transitional//EN"
    "http://www.w3.org/TR/xhtml1/DTD/xhtml1-transitional.dtd">
<html xmlns="http://www.w3.org/1999/xhtml" xml:lang="en" lang="en">
 <head>
  <title>
</title>
<meta http-equiv="Content-Type" content="text/html;charset=utf-8" />
  <meta name='ocr-system' content='tesseract 3.04.00' />
  <meta name='ocr-capabilities' content='ocr_page ocr_carea ocr_par ocr_line ocrx_word'/>
</head>
<body>
  <div class='ocr_page' id='page_1' title='image "./deaetiologicoru00riesgoog_0025.png"; bbox 0 0 4930 5978; ppageno 0'>
   <div class='ocr_carea' id='block_1_1' title="bbox 1171 459 1272 556">
    <p class='ocr_par' dir='ltr' id='par_1_1' title="bbox 1171 459 1272 556">
     <span class='ocr_line' id='line_1_1' title="bbox 1171 459 1272 556; baseline 0 0"><span class='ocrx_word' id='word_1_1' title='bbox 1171 552 1193 556; x_wconf 74' lang='grc'>-,</span> <span class='ocrx_word' id='word_1_2' title='bbox 1214 459 1272 556; x_wconf 66' lang='lat'>29,</span> 
     </span>
    </p>
   </div>
   <div class='ocr_carea' id='block_1_2' title="bbox 323 666 2196 2568">
    <p class='ocr_par' dir='ltr' id='par_1_2' title="bbox 323 666 2196 2568">
     <span class='ocr_line' id='line_1_2' title="bbox 325 666 2144 758; baseline -0.001 -24"><span class='ocrx_word' id='word_1_3' title='bbox 325 673 365 741; x_wconf 84' lang='grc' dir='ltr'>ὡς</span> <span class='ocrx_word' id='word_1_4' title='bbox 395 670 528 756; x_wconf 78' lang='grc' dir='ltr'>δ’ἕτεροι,</span> <span class='ocrx_word' id='word_1_5' title='bbox 554 671 622 742; x_wconf 83' lang='grc' dir='ltr'>Διός</span> <span class='ocrx_word' id='word_1_6' title='bbox 645 673 764 755; x_wconf 77' lang='grc' dir='ltr'>ἐστινὴ</span> <span class='ocrx_word' id='word_1_7' title='bbox 793 673 983 758; x_wconf 79' lang='grc' dir='ltr'>προσωνυμία</span> <span class='ocrx_word' id='word_1_8' title='bbox 1014 673 1306 758; x_wconf 80' lang='grc' dir='ltr'><strong>κεραυνοβολοῦντος.</strong></span> <span class='ocrx_word' id='word_1_9' title='bbox 1358 666 1401 733; x_wconf 81' lang='grc' dir='ltr'>Τό</span> <span class='ocrx_word' id='word_1_10' title='bbox 1422 669 1478 754; x_wconf 83' lang='grc' dir='ltr'>γὰρ</span> <span class='ocrx_word' id='word_1_11' title='bbox 1498 670 1612 733; x_wconf 89' lang='grc' dir='ltr'>τύπτειν</span> <span class='ocrx_word' id='word_1_12' title='bbox 1633 673 1757 755; x_wconf 79' lang='grc' dir='ltr'>φερῖρε</span> <span class='ocrx_word' id='word_1_13' title='bbox 1779 672 1805 734; x_wconf 85' lang='grc' dir='ltr'>οἱ</span> <span class='ocrx_word' id='word_1_14' title='bbox 1825 667 1974 755; x_wconf 83' lang='grc' dir='ltr'>Ῥωμαῖοι</span> <span class='ocrx_word' id='word_1_15' title='bbox 1995 672 2144 733; x_wconf 80' lang='grc' dir='ltr'>καλοῦσιν.</span> 
     </span>
     <span class='ocr_line' id='line_1_3' title="bbox 324 775 2144 864; baseline -0.001 -24"><span class='ocrx_word' id='word_1_16' title='bbox 324 775 430 841; x_wconf 86' lang='grc' dir='ltr'>’Άλλοι</span> <span class='ocrx_word' id='word_1_17' title='bbox 454 779 486 841; x_wconf 82' lang='grc' dir='ltr'>δὲ</span> <span class='ocrx_word' id='word_1_18' title='bbox 509 779 604 862; x_wconf 83' lang='grc' dir='ltr'>παρὰ</span> <span class='ocrx_word' id='word_1_19' title='bbox 626 781 687 864; x_wconf 84' lang='grc' dir='ltr'>τὴν</span> <span class='ocrx_word' id='word_1_20' title='bbox 711 783 771 843; x_wconf 85' lang='grc' dir='ltr'>τού</span> <span class='ocrx_word' id='word_1_21' title='bbox 795 779 973 863; x_wconf 79' lang='grc' dir='ltr'><strong>πολεμίου</strong></span> <span class='ocrx_word' id='word_1_22' title='bbox 996 780 1134 862; x_wconf 80' lang='grc' dir='ltr'>πληγὴν</span> <span class='ocrx_word' id='word_1_23' title='bbox 1163 778 1313 861; x_wconf 83' lang='grc' dir='ltr'>γεγονέναι</span> <span class='ocrx_word' id='word_1_24' title='bbox 1341 775 1471 862; x_wconf 82' lang='grc' dir='ltr'>τοῦνομα</span> <span class='ocrx_word' id='word_1_25' title='bbox 1496 776 1624 860; x_wconf 84' lang='grc' dir='ltr'>λέγουσι·</span> <span class='ocrx_word' id='word_1_26' title='bbox 1648 777 1776 862; x_wconf 78' lang='grc' dir='ltr'>καὶγὰρ</span> <span class='ocrx_word' id='word_1_27' title='bbox 1800 783 1849 840; x_wconf 87' lang='grc' dir='ltr'>νῦν</span> <span class='ocrx_word' id='word_1_28' title='bbox 1873 778 1989 846; x_wconf 78' lang='grc' dir='ltr'>ἐντοῖς</span> <span class='ocrx_word' id='word_1_29' title='bbox 2020 779 2144 862; x_wconf 83' lang='grc' dir='ltr'>μάχαις,</span> 
     </span>
     <span class='ocr_line' id='line_1_4' title="bbox 325 881 2143 970; baseline -0.001 -22"><span class='ocrx_word' id='word_1_30' title='bbox 325 883 393 948; x_wconf 85' lang='grc' dir='ltr'>ὅταν</span> <span class='ocrx_word' id='word_1_31' title='bbox 417 886 546 948; x_wconf 82' lang='grc' dir='ltr'>διώκωσι</span> <span class='ocrx_word' id='word_1_32' title='bbox 577 885 644 955; x_wconf 81' lang='grc' dir='ltr'>τούς</span> <span class='ocrx_word' id='word_1_33' title='bbox 672 886 840 970; x_wconf 85' lang='grc' dir='ltr'>πολεμίους,</span> <span class='ocrx_word' id='word_1_34' title='bbox 870 885 978 949; x_wconf 83' lang='grc' dir='ltr'>πυκνόν</span> <span class='ocrx_word' id='word_1_35' title='bbox 1008 887 1041 949; x_wconf 85' lang='grc' dir='ltr'>τὸ</span> <span class='ocrx_word' id='word_1_36' title='bbox 1066 885 1167 970; x_wconf 85' lang='grc' dir='ltr'>φέρι,</span> <span class='ocrx_word' id='word_1_37' title='bbox 1198 885 1326 948; x_wconf 79' lang='grc' dir='ltr'>τουτέστι</span> <span class='ocrx_word' id='word_1_38' title='bbox 1348 888 1427 960; x_wconf 82' lang='grc' dir='ltr'>παῖε,</span> <span class='ocrx_word' id='word_1_39' title='bbox 1451 890 1654 969; x_wconf 74' lang='grc' dir='ltr'>παρεγγυῶσιν</span> <span class='ocrx_word' id='word_1_40' title='bbox 1679 882 1837 966; x_wconf 72' lang='grc' dir='ltr'>ἀλλήλοιςῖ</span> <span class='ocrx_word' id='word_1_41' title='bbox 1888 881 1934 948; x_wconf 84' lang='lat' dir='ltr'>Cf.</span> <span class='ocrx_word' id='word_1_42' title='bbox 1959 883 2057 949; x_wconf 85' lang='lat' dir='ltr'>etiam</span> <span class='ocrx_word' id='word_1_43' title='bbox 2081 881 2143 948; x_wconf 77' lang='lat' dir='ltr'>Vll·</span> 
     </span>
     <span class='ocr_line' id='line_1_5' title="bbox 324 987 2146 1076; baseline -0.002 -22"><span class='ocrx_word' id='word_1_44' title='bbox 324 991 449 1056; x_wconf 88' lang='lat' dir='ltr'>Romuli</span> <span class='ocrx_word' id='word_1_45' title='bbox 481 994 536 1056; x_wconf 85' lang='lat'>16:</span> <span class='ocrx_word' id='word_1_46' title='bbox 567 988 621 1066; x_wconf 82' lang='lat' dir='ltr'>‚Tb</span> <span class='ocrx_word' id='word_1_47' title='bbox 653 992 686 1054; x_wconf 79' lang='grc' dir='ltr'>δὲ</span> <span class='ocrx_word' id='word_1_48' title='bbox 709 991 846 1076; x_wconf 89' lang='grc' dir='ltr'>τρόπαιον</span> <span class='ocrx_word' id='word_1_49' title='bbox 871 993 1014 1076; x_wconf 74' lang='grc' dir='ltr'>ἀνάθημα</span> <span class='ocrx_word' id='word_1_50' title='bbox 1038 991 1198 1076; x_wconf 75' lang='grc' dir='ltr'>Φερετρίου</span> <span class='ocrx_word' id='word_1_51' title='bbox 1222 991 1290 1062; x_wconf 83' lang='grc' dir='ltr'>Διὸς</span> <span class='ocrx_word' id='word_1_52' title='bbox 1313 991 1524 1075; x_wconf 75' lang='grc' dir='ltr'>ἐπωνομάσθη.</span> <span class='ocrx_word' id='word_1_53' title='bbox 1578 987 1620 1053; x_wconf 83' lang='grc' dir='ltr'>Τό</span> <span class='ocrx_word' id='word_1_54' title='bbox 1645 991 1700 1074; x_wconf 79' lang='grc' dir='ltr'>γὰρ</span> <span class='ocrx_word' id='word_1_55' title='bbox 1721 992 1826 1074; x_wconf 77' lang='grc' dir='ltr'>πλῆξαι</span> <span class='ocrx_word' id='word_1_56' title='bbox 1850 993 1976 1076; x_wconf 82' lang='grc' dir='ltr'>φερῖρε</span> <span class='ocrx_word' id='word_1_57' title='bbox 1998 987 2146 1076; x_wconf 83' lang='grc' dir='ltr'>Ῥωμαῖοι</span> 
     </span>
     <span class='ocr_line' id='line_1_6' title="bbox 323 1094 2146 1183; baseline -0.001 -24"><span class='ocrx_word' id='word_1_58' title='bbox 323 1099 461 1160; x_wconf 77' lang='grc' dir='ltr'>καλοῦσιν</span> <span class='ocrx_word' id='word_1_59' title='bbox 486 1144 494 1160; x_wconf 93' lang='grc'><strong>.</strong></span> <span class='ocrx_word' id='word_1_60' title='bbox 519 1143 527 1159; x_wconf 93' lang='grc'><strong>.</strong></span> <span class='ocrx_word' id='word_1_61' title='bbox 552 1143 593 1159; x_wconf 92' lang='grc'>..</span> <span class='ocrx_word' id='word_1_62' title='bbox 640 1094 756 1168; x_wconf 80' lang='grc' dir='ltr'>Κόσσος</span> <span class='ocrx_word' id='word_1_63' title='bbox 795 1100 846 1182; x_wconf 77' lang='grc' dir='ltr'>μὲν</span> <span class='ocrx_word' id='word_1_64' title='bbox 886 1097 936 1161; x_wconf 92' lang='grc' dir='ltr'>ούν</span> <span class='ocrx_word' id='word_1_65' title='bbox 974 1100 1024 1161; x_wconf 84' lang='grc' dir='ltr'>καὶ</span> <span class='ocrx_word' id='word_1_66' title='bbox 1064 1095 1239 1183; x_wconf 84' lang='grc' dir='ltr'>Μάρκελλος</span> <span class='ocrx_word' id='word_1_67' title='bbox 1278 1098 1335 1183; x_wconf 77' lang='grc' dir='ltr'>ἤδη</span> <span class='ocrx_word' id='word_1_68' title='bbox 1368 1097 1533 1181; x_wconf 73' lang='grc' dir='ltr'>τεθρίπποις</span> <span class='ocrx_word' id='word_1_69' title='bbox 1570 1097 1742 1180; x_wconf 70' lang='grc' dir='ltr'>εἰσήλαυνον</span> <span class='ocrx_word' id='word_1_70' title='bbox 1784 1097 1867 1160; x_wconf 84' lang='grc' dir='ltr'>αὐτοὶ</span> <span class='ocrx_word' id='word_1_71' title='bbox 1907 1098 1948 1161; x_wconf 82' lang='grc' dir='ltr'>τὰ</span> <span class='ocrx_word' id='word_1_72' title='bbox 1989 1095 2146 1181; x_wconf 88' lang='grc' dir='ltr'>τρόπαια</span> 
     </span>
     <span class='ocr_line' id='line_1_7' title="bbox 325 1201 2196 1290; baseline 0 -24"><span class='ocrx_word' id='word_1_73' title='bbox 325 1203 522 1289; x_wconf 82' lang='grc' dir='ltr'>φέροντες.</span> <span class='ocrx_word' id='word_1_74' title='bbox 542 1252 550 1267; x_wconf 92' lang='grc'><strong>.</strong></span> <span class='ocrx_word' id='word_1_75' title='bbox 568 1251 603 1267; x_wconf 93' lang='grc'>..</span> <span class='ocrx_word' id='word_1_76' title='bbox 633 1201 693 1268; x_wconf 87' lang='grc' dir='ltr'>Τοῦ</span> <span class='ocrx_word' id='word_1_77' title='bbox 718 1205 751 1267; x_wconf 80' lang='grc' dir='ltr'>δὲ</span> <span class='ocrx_word' id='word_1_78' title='bbox 774 1203 934 1289; x_wconf 78' lang='grc' dir='ltr'>Ῥωμύλου</span> <span class='ocrx_word' id='word_1_79' title='bbox 958 1207 1010 1275; x_wconf 83' lang='grc' dir='ltr'>τὰς</span> <span class='ocrx_word' id='word_1_80' title='bbox 1033 1205 1148 1275; x_wconf 75' lang='grc' dir='ltr'>εἰκόνας</span> <span class='ocrx_word' id='word_1_81' title='bbox 1172 1207 1242 1290; x_wconf 88' lang='grc' dir='ltr'>όρᾶν</span> <span class='ocrx_word' id='word_1_82' title='bbox 1265 1206 1340 1268; x_wconf 82' lang='grc' dir='ltr'>ἐστιν</span> <span class='ocrx_word' id='word_1_83' title='bbox 1364 1205 1394 1268; x_wconf 84' lang='grc' dir='ltr'>ἐν</span> <span class='ocrx_word' id='word_1_84' title='bbox 1417 1201 1524 1288; x_wconf 79' lang='grc' dir='ltr'><strong>Ῥώμῃ</strong></span> <span class='ocrx_word' id='word_1_85' title='bbox 1547 1205 1598 1274; x_wconf 84' lang='grc' dir='ltr'>τὰς</span> <span class='ocrx_word' id='word_1_86' title='bbox 1624 1203 1857 1289; x_wconf 82' lang='grc' dir='ltr'>τροπαιοφόρους</span> <span class='ocrx_word' id='word_1_87' title='bbox 1887 1205 1978 1276; x_wconf 75' lang='grc' dir='ltr'>πεζὰς</span> <span class='ocrx_word' id='word_1_88' title='bbox 2008 1204 2147 1272; x_wconf 65' lang='grc' dir='ltr'>ἁπάσοτ.*</span> <span class='ocrx_word' id='word_1_89' title='bbox 2192 1202 2196 1210; x_wconf 79' lang='lat'>&#39;</span> 
     </span>
     <span class='ocr_line' id='line_1_8' title="bbox 323 1308 2145 1395; baseline -0.001 -20"><span class='ocrx_word' id='word_1_90' title='bbox 323 1311 428 1393; x_wconf 85' lang='lat' dir='ltr'><strong>Atque</strong></span> <span class='ocrx_word' id='word_1_91' title='bbox 452 1331 522 1376; x_wconf 90' lang='lat' dir='ltr'>cum</span> <span class='ocrx_word' id='word_1_92' title='bbox 547 1311 750 1376; x_wconf 80' lang='lat' dir='ltr'>Plutarchum</span> <span class='ocrx_word' id='word_1_93' title='bbox 772 1331 831 1395; x_wconf 90' lang='lat' dir='ltr'>per</span> <span class='ocrx_word' id='word_1_94' title='bbox 854 1311 967 1376; x_wconf 89' lang='lat' dir='ltr'>Iubam</span> <span class='ocrx_word' id='word_1_95' title='bbox 993 1311 1208 1378; x_wconf 87' lang='lat' dir='ltr'>revocandum</span> <span class='ocrx_word' id='word_1_96' title='bbox 1230 1331 1303 1377; x_wconf 89' lang='lat' dir='ltr'>esse</span> <span class='ocrx_word' id='word_1_97' title='bbox 1322 1312 1387 1376; x_wconf 89' lang='lat' dir='ltr'>iam</span> <span class='ocrx_word' id='word_1_98' title='bbox 1406 1310 1500 1376; x_wconf 90' lang='lat' dir='ltr'>nobis</span> <span class='ocrx_word' id='word_1_99' title='bbox 1520 1310 1774 1394; x_wconf 88' lang='lat' dir='ltr'>persuaserimus</span> <span class='ocrx_word' id='word_1_100' title='bbox 1797 1309 1842 1376; x_wconf 90' lang='lat' dir='ltr'>ad</span> <span class='ocrx_word' id='word_1_101' title='bbox 1861 1310 1961 1378; x_wconf 89' lang='lat' dir='ltr'>libros</span> <span class='ocrx_word' id='word_1_102' title='bbox 1982 1308 2145 1392; x_wconf 74' lang='lat' dir='ltr'>Varronis,</span> 
     </span>
     <span class='ocr_line' id='line_1_9' title="bbox 324 1415 2146 1502; baseline -0.001 -20"><span class='ocrx_word' id='word_1_103' title='bbox 324 1415 413 1482; x_wconf 91' lang='lat' dir='ltr'>cuius</span> <span class='ocrx_word' id='word_1_104' title='bbox 460 1437 575 1483; x_wconf 87' lang='lat' dir='ltr'>nomeu</span> <span class='ocrx_word' id='word_1_105' title='bbox 618 1417 680 1484; x_wconf 92' lang='lat' dir='ltr'>hoc</span> <span class='ocrx_word' id='word_1_106' title='bbox 720 1416 790 1501; x_wconf 91' lang='lat' dir='ltr'>ipso</span> <span class='ocrx_word' id='word_1_107' title='bbox 832 1417 938 1502; x_wconf 89' lang='lat' dir='ltr'>capite</span> <span class='ocrx_word' id='word_1_108' title='bbox 973 1418 1065 1484; x_wconf 82' lang='lat' dir='ltr'>Vitae</span> <span class='ocrx_word' id='word_1_109' title='bbox 1105 1419 1231 1484; x_wconf 89' lang='lat' dir='ltr'><strong>Romuli</strong></span> <span class='ocrx_word' id='word_1_110' title='bbox 1264 1419 1422 1502; x_wconf 90' lang='lat' dir='ltr'>citatur,</span> <span class='ocrx_word' id='word_1_111' title='bbox 1462 1417 1557 1482; x_wconf 86' lang='lat' dir='ltr'>etiarn</span> <span class='ocrx_word' id='word_1_112' title='bbox 1596 1417 1795 1501; x_wconf 83' lang='lat' dir='ltr'><strong>Propertium</strong></span> <span class='ocrx_word' id='word_1_113' title='bbox 1825 1417 2035 1500; x_wconf 84' lang='lat' dir='ltr'>veriloquium</span> <span class='ocrx_word' id='word_1_114' title='bbox 2067 1415 2146 1481; x_wconf 90' lang='lat' dir='ltr'>illud</span> 
     </span>
     <span class='ocr_line' id='line_1_10' title="bbox 323 1521 2147 1609; baseline 0.001 -22"><span class='ocrx_word' id='word_1_115' title='bbox 323 1521 540 1607; x_wconf 85' lang='lat' dir='ltr'>proferentem</span> <span class='ocrx_word' id='word_1_116' title='bbox 585 1523 728 1607; x_wconf 89' lang='lat' dir='ltr'>pendere</span> <span class='ocrx_word' id='word_1_117' title='bbox 768 1545 786 1588; x_wconf 92' lang='lat' dir='ltr'>e</span> <span class='ocrx_word' id='word_1_118' title='bbox 825 1523 968 1589; x_wconf 90' lang='lat' dir='ltr'>Varrone</span> <span class='ocrx_word' id='word_1_119' title='bbox 1007 1545 1047 1590; x_wconf 91' lang='lat' dir='ltr'>oo</span> <span class='ocrx_word' id='word_1_120' title='bbox 1086 1523 1212 1591; x_wconf 80' lang='lat' dir='ltr'>facilius</span> <span class='ocrx_word' id='word_1_121' title='bbox 1253 1524 1399 1592; x_wconf 88' lang='lat' dir='ltr'>concludi</span> <span class='ocrx_word' id='word_1_122' title='bbox 1443 1530 1562 1609; x_wconf 89' lang='lat' dir='ltr'>potest,</span> <span class='ocrx_word' id='word_1_123' title='bbox 1592 1523 1679 1606; x_wconf 92' lang='lat' dir='ltr'>quod</span> <span class='ocrx_word' id='word_1_124' title='bbox 1712 1523 1843 1590; x_wconf 90' lang='lat' dir='ltr'>alterius</span> <span class='ocrx_word' id='word_1_125' title='bbox 1880 1521 2039 1608; x_wconf 85' lang='lat' dir='ltr'>Propertii</span> <span class='ocrx_word' id='word_1_126' title='bbox 2068 1529 2147 1588; x_wconf 89' lang='lat' dir='ltr'>tem·</span> 
     </span>
     <span class='ocr_line' id='line_1_11' title="bbox 323 1628 2148 1718; baseline -0.001 -24"><span class='ocrx_word' id='word_1_127' title='bbox 323 1649 439 1718; x_wconf 73' lang='lat' dir='ltr'>porum¹</span> <span class='ocrx_word' id='word_1_128' title='bbox 478 1629 644 1714; x_wconf 80' lang='lat' dir='ltr'>philologi,</span> <span class='ocrx_word' id='word_1_129' title='bbox 681 1629 784 1696; x_wconf 89' lang='lat' dir='ltr'>Verrii</span> <span class='ocrx_word' id='word_1_130' title='bbox 818 1629 937 1712; x_wconf 84' lang='lat' dir='ltr'>Flacci,</span> <span class='ocrx_word' id='word_1_131' title='bbox 986 1630 1027 1696; x_wconf 94' lang='lat' dir='ltr'>de</span> <span class='ocrx_word' id='word_1_132' title='bbox 1061 1631 1123 1696; x_wconf 93' lang='lat' dir='ltr'>hoo</span> <span class='ocrx_word' id='word_1_133' title='bbox 1156 1632 1285 1696; x_wconf 89' lang='lat' dir='ltr'>nomine</span> <span class='ocrx_word' id='word_1_134' title='bbox 1324 1631 1508 1715; x_wconf 92' lang='lat' dir='ltr'>opinionem</span> <span class='ocrx_word' id='word_1_135' title='bbox 1543 1629 1705 1695; x_wconf 88' lang='lat' dir='ltr'>diversam</span> <span class='ocrx_word' id='word_1_136' title='bbox 1739 1629 1839 1696; x_wconf 85' lang='lat' dir='ltr'>luisse</span> <span class='ocrx_word' id='word_1_137' title='bbox 1873 1630 2015 1713; x_wconf 79' lang='lat' dir='ltr'>aliquam</span> <span class='ocrx_word' id='word_1_138' title='bbox 2048 1628 2148 1694; x_wconf 86' lang='lat' dir='ltr'>habet</span> 
     </span>
     <span class='ocr_line' id='line_1_12' title="bbox 323 1734 2146 1822; baseline -0.001 -20"><span class='ocrx_word' id='word_1_139' title='bbox 323 1735 390 1802; x_wconf 91' lang='lat' dir='ltr'>veri</span> <span class='ocrx_word' id='word_1_140' title='bbox 422 1735 578 1820; x_wconf 88' lang='lat' dir='ltr'>speciem;</span> <span class='ocrx_word' id='word_1_141' title='bbox 620 1734 660 1802; x_wconf 85' lang='lat' dir='ltr'>cl.</span> <span class='ocrx_word' id='word_1_142' title='bbox 692 1737 777 1802; x_wconf 83' lang='lat' dir='ltr'>cht</span> <span class='ocrx_word' id='word_1_143' title='bbox 807 1757 838 1821; x_wconf 89' lang='lat' dir='ltr'>p.</span> <span class='ocrx_word' id='word_1_144' title='bbox 865 1740 908 1802; x_wconf 86' lang='lat'>92</span> <span class='ocrx_word' id='word_1_145' title='bbox 933 1737 978 1801; x_wconf 85' lang='lat' dir='ltr'>bl:</span> <span class='ocrx_word' id='word_1_146' title='bbox 1013 1737 1184 1821; x_wconf 88' lang='lat' dir='ltr'>,Feretrius</span> <span class='ocrx_word' id='word_1_147' title='bbox 1216 1738 1360 1822; x_wconf 87' lang='lat' dir='ltr'>Iuppiter</span> <span class='ocrx_word' id='word_1_148' title='bbox 1392 1737 1496 1803; x_wconf 88' lang='lat' dir='ltr'>dictus</span> <span class='ocrx_word' id='word_1_149' title='bbox 1529 1757 1549 1802; x_wconf 91' lang='lat' dir='ltr'>a</span> <span class='ocrx_word' id='word_1_150' title='bbox 1582 1736 1727 1821; x_wconf 85' lang='lat' dir='ltr'>ferendo,</span> <span class='ocrx_word' id='word_1_151' title='bbox 1760 1737 1847 1819; x_wconf 90' lang='lat' dir='ltr'>qnod</span> <span class='ocrx_word' id='word_1_152' title='bbox 1880 1757 2013 1821; x_wconf 89' lang='lat' dir='ltr'>paoem</span> <span class='ocrx_word' id='word_1_153' title='bbox 2045 1735 2146 1801; x_wconf 81' lang='lat' dir='ltr'>ferre</span> 
     </span>
     <span class='ocr_line' id='line_1_13' title="bbox 323 1843 2146 1934; baseline -0.001 -26"><span class='ocrx_word' id='word_1_154' title='bbox 323 1850 506 1928; x_wconf 80' lang='lat' dir='ltr'>putaretur3</span> <span class='ocrx_word' id='word_1_155' title='bbox 545 1863 585 1908; x_wconf 89' lang='lat' dir='ltr'>ex</span> <span class='ocrx_word' id='word_1_156' title='bbox 620 1843 709 1910; x_wconf 91' lang='lat' dir='ltr'>cuius</span> <span class='ocrx_word' id='word_1_157' title='bbox 741 1844 861 1928; x_wconf 90' lang='lat' dir='ltr'>templo</span> <span class='ocrx_word' id='word_1_158' title='bbox 891 1844 1060 1910; x_wconf 83' lang='lat' dir='ltr'>sumebant</span> <span class='ocrx_word' id='word_1_159' title='bbox 1090 1851 1261 1929; x_wconf 77' lang='lat' dir='ltr'>sceptrum,</span> <span class='ocrx_word' id='word_1_160' title='bbox 1294 1865 1353 1928; x_wconf 87' lang='lat' dir='ltr'>per</span> <span class='ocrx_word' id='word_1_161' title='bbox 1383 1843 1470 1928; x_wconf 92' lang='lat' dir='ltr'>quod</span> <span class='ocrx_word' id='word_1_162' title='bbox 1499 1845 1648 1928; x_wconf 85' lang='lat' dir='ltr'>iurarent,</span> <span class='ocrx_word' id='word_1_163' title='bbox 1684 1850 1716 1934; x_wconf 83' lang='lat' dir='ltr'>et</span> <span class='ocrx_word' id='word_1_164' title='bbox 1743 1843 1886 1928; x_wconf 87' lang='lat' dir='ltr'>lapidem</span> <span class='ocrx_word' id='word_1_165' title='bbox 1917 1843 2051 1926; x_wconf 77' lang='lat' dir='ltr'>silicem,</span> <span class='ocrx_word' id='word_1_166' title='bbox 2084 1859 2146 1924; x_wconf 90' lang='lat' dir='ltr'>qno</span> 
     </span>
     <span class='ocr_line' id='line_1_14' title="bbox 323 1947 2147 2035; baseline -0.001 -20"><span class='ocrx_word' id='word_1_167' title='bbox 323 1948 463 2015; x_wconf 90' lang='lat' dir='ltr'>loedns</span> <span class='ocrx_word' id='word_1_168' title='bbox 493 1949 679 2015; x_wconf 68' lang='lat' dir='ltr'>ferirent!</span> <span class='ocrx_word' id='word_1_169' title='bbox 725 1949 918 2016; x_wconf 87' lang='lat' dir='ltr'>Addcudum</span> <span class='ocrx_word' id='word_1_170' title='bbox 942 1960 1001 2033; x_wconf 89' lang='lat' dir='ltr'>est,</span> <span class='ocrx_word' id='word_1_171' title='bbox 1034 1950 1121 2032; x_wconf 91' lang='lat' dir='ltr'>quod</span> <span class='ocrx_word' id='word_1_172' title='bbox 1143 1950 1249 2035; x_wconf 90' lang='lat' dir='ltr'>Livio,</span> <span class='ocrx_word' id='word_1_173' title='bbox 1280 1952 1369 2017; x_wconf 90' lang='lat' dir='ltr'>cuius</span> <span class='ocrx_word' id='word_1_174' title='bbox 1398 1950 1588 2017; x_wconf 86' lang='lat' dir='ltr'>auctoritate</span> <span class='ocrx_word' id='word_1_175' title='bbox 1621 1971 1662 2016; x_wconf 93' lang='lat' dir='ltr'>ne</span> <span class='ocrx_word' id='word_1_176' title='bbox 1692 1950 1725 2016; x_wconf 92' lang='lat' dir='ltr'>in</span> <span class='ocrx_word' id='word_1_177' title='bbox 1756 1949 1819 2016; x_wconf 90' lang='lat' dir='ltr'>hoo</span> <span class='ocrx_word' id='word_1_178' title='bbox 1849 1949 1978 2034; x_wconf 91' lang='lat' dir='ltr'>quidem</span> <span class='ocrx_word' id='word_1_179' title='bbox 2006 1947 2147 2014; x_wconf 80' lang='lat' dir='ltr'>carmine</span> 
     </span>
     <span class='ocr_line' id='line_1_15' title="bbox 325 2056 2148 2141; baseline -0.001 -21"><span class='ocrx_word' id='word_1_180' title='bbox 325 2057 408 2122; x_wconf 90' lang='lat' dir='ltr'>liber</span> <span class='ocrx_word' id='word_1_181' title='bbox 431 2056 615 2140; x_wconf 89' lang='lat' dir='ltr'>Propertius</span> <span class='ocrx_word' id='word_1_182' title='bbox 638 2057 780 2140; x_wconf 73' lang='lat' dir='ltr'>&#39;lberlrio</span> <span class='ocrx_word' id='word_1_183' title='bbox 809 2056 943 2140; x_wconf 89' lang='lat' dir='ltr'>videtur,</span> <span class='ocrx_word' id='word_1_184' title='bbox 978 2058 1141 2122; x_wconf 91' lang='lat' dir='ltr'>alteram</span> <span class='ocrx_word' id='word_1_185' title='bbox 1169 2057 1388 2124; x_wconf 89' lang='lat' dir='ltr'>tantummodo</span> <span class='ocrx_word' id='word_1_186' title='bbox 1417 2057 1573 2141; x_wconf 84' lang='lat' dir='ltr'>originem</span> <span class='ocrx_word' id='word_1_187' title='bbox 1605 2057 1754 2123; x_wconf 86' lang='lat' dir='ltr'>vocabuli</span> <span class='ocrx_word' id='word_1_188' title='bbox 1783 2057 1824 2122; x_wconf 91' lang='lat' dir='ltr'>ob</span> <span class='ocrx_word' id='word_1_189' title='bbox 1850 2056 1961 2122; x_wconf 91' lang='lat' dir='ltr'>oculos</span> <span class='ocrx_word' id='word_1_190' title='bbox 1984 2060 2148 2122; x_wconf 87' lang='lat' dir='ltr'>versatam</span> 
     </span>
     <span class='ocr_line' id='line_1_16' title="bbox 325 2161 2146 2248; baseline -0.001 -21"><span class='ocrx_word' id='word_1_191' title='bbox 325 2182 399 2228; x_wconf 89' lang='lat' dir='ltr'>esse</span> <span class='ocrx_word' id='word_1_192' title='bbox 432 2169 530 2245; x_wconf 89' lang='lat' dir='ltr'>patet.</span> <span class='ocrx_word' id='word_1_193' title='bbox 577 2161 788 2247; x_wconf 76' lang='lat' dir='ltr'>cr1,1o‚e:</span> <span class='ocrx_word' id='word_1_194' title='bbox 823 2163 947 2248; x_wconf 89' lang='lat' dir='ltr'>,Spolia</span> <span class='ocrx_word' id='word_1_195' title='bbox 978 2163 1068 2228; x_wconf 92' lang='lat' dir='ltr'>ducis</span> <span class='ocrx_word' id='word_1_196' title='bbox 1100 2163 1238 2230; x_wconf 90' lang='lat' dir='ltr'>bostium</span> <span class='ocrx_word' id='word_1_197' title='bbox 1268 2165 1356 2231; x_wconf 88' lang='lat' dir='ltr'>caesi</span> <span class='ocrx_word' id='word_1_198' title='bbox 1384 2184 1543 2248; x_wconf 87' lang='lat' dir='ltr'>suspensa</span> <span class='ocrx_word' id='word_1_199' title='bbox 1570 2162 1729 2229; x_wconf 85' lang='lat' dir='ltr'>fabricato</span> <span class='ocrx_word' id='word_1_200' title='bbox 1753 2162 1798 2228; x_wconf 87' lang='lat' dir='ltr'>ad</span> <span class='ocrx_word' id='word_1_201' title='bbox 1826 2162 1860 2227; x_wconf 94' lang='lat' dir='ltr'>id</span> <span class='ocrx_word' id='word_1_202' title='bbox 1890 2169 1966 2245; x_wconf 86' lang='lat' dir='ltr'>apte</span> <span class='ocrx_word' id='word_1_203' title='bbox 1998 2161 2146 2226; x_wconf 87' lang='lat' dir='ltr'>ferculo</span> 
     </span>
     <span class='ocr_line' id='line_1_17' title="bbox 326 2265 2148 2354; baseline -0.002 -20"><span class='ocrx_word' id='word_1_204' title='bbox 326 2289 442 2353; x_wconf 83' lang='lat' dir='ltr'>gerens</span> <span class='ocrx_word' id='word_1_205' title='bbox 473 2269 506 2334; x_wconf 90' lang='lat' dir='ltr'>in</span> <span class='ocrx_word' id='word_1_206' title='bbox 538 2269 731 2353; x_wconf 84' lang='lat' dir='ltr'>Capitolium</span> <span class='ocrx_word' id='word_1_207' title='bbox 761 2269 916 2336; x_wconf 87' lang='lat' dir='ltr'>escendit‘</span> <span class='ocrx_word' id='word_1_208' title='bbox 948 2279 980 2335; x_wconf 92' lang='lat' dir='ltr'>et</span> <span class='ocrx_word' id='word_1_209' title='bbox 1009 2271 1107 2354; x_wconf 91' lang='lat' dir='ltr'>paulo</span> <span class='ocrx_word' id='word_1_210' title='bbox 1140 2269 1224 2335; x_wconf 85' lang='lat' dir='ltr'>infra</span> <span class='ocrx_word' id='word_1_211' title='bbox 1254 2272 1354 2336; x_wconf 89' lang='lat' dir='ltr'>verba</span> <span class='ocrx_word' id='word_1_212' title='bbox 1384 2270 1563 2337; x_wconf 88' lang='lat' dir='ltr'>dedicantis</span> <span class='ocrx_word' id='word_1_213' title='bbox 1595 2270 1736 2335; x_wconf 88' lang='lat' dir='ltr'>Romuli:</span> <span class='ocrx_word' id='word_1_214' title='bbox 1771 2268 1933 2354; x_wconf 89' lang='lat' dir='ltr'>,Romulus</span> <span class='ocrx_word' id='word_1_215' title='bbox 1966 2288 2023 2333; x_wconf 87' lang='lat' dir='ltr'>rex</span> <span class='ocrx_word' id='word_1_216' title='bbox 2055 2265 2148 2350; x_wconf 85' lang='lat' dir='ltr'>regia</span> 
     </span>
     <span class='ocr_line' id='line_1_18' title="bbox 326 2355 2147 2461; baseline -0.002 -21"><span class='ocrx_word' id='word_1_217' title='bbox 326 2395 418 2440; x_wconf 90' lang='lat' dir='ltr'>arma</span> <span class='ocrx_word' id='word_1_218' title='bbox 441 2375 544 2459; x_wconf 88' lang='lat' dir='ltr'>fero,</span> <span class='ocrx_word' id='word_1_219' title='bbox 568 2355 783 2461; x_wconf 83' lang='lat' dir='ltr'>templumque</span> <span class='ocrx_word' id='word_1_220' title='bbox 807 2376 857 2442; x_wconf 93' lang='lat' dir='ltr'>his</span> <span class='ocrx_word' id='word_1_221' title='bbox 881 2376 1077 2461; x_wconf 86' lang='lat' dir='ltr'>regionibus,</span> <span class='ocrx_word' id='word_1_222' title='bbox 1109 2398 1190 2460; x_wconf 91' lang='lat' dir='ltr'>quas</span> <span class='ocrx_word' id='word_1_223' title='bbox 1220 2378 1318 2443; x_wconf 91' lang='lat' dir='ltr'>modo</span> <span class='ocrx_word' id='word_1_224' title='bbox 1350 2377 1457 2442; x_wconf 89' lang='lat' dir='ltr'>auimo</span> <span class='ocrx_word' id='word_1_225' title='bbox 1481 2384 1620 2442; x_wconf 90' lang='lat' dir='ltr'>metatus</span> <span class='ocrx_word' id='word_1_226' title='bbox 1644 2397 1724 2461; x_wconf 92' lang='lat' dir='ltr'>sum,</span> <span class='ocrx_word' id='word_1_227' title='bbox 1754 2375 1870 2442; x_wconf 87' lang='lat' dir='ltr'>dedico</span> <span class='ocrx_word' id='word_1_228' title='bbox 1895 2374 2006 2440; x_wconf 88' lang='lat' dir='ltr'>sedem</span> <span class='ocrx_word' id='word_1_229' title='bbox 2030 2372 2147 2456; x_wconf 86' lang='lat' dir='ltr'>opimis</span> 
     </span>
     <span class='ocr_line' id='line_1_19' title="bbox 327 2481 1986 2568; baseline 0.001 -22"><span class='ocrx_word' id='word_1_230' title='bbox 327 2481 450 2566; x_wconf 88' lang='lat' dir='ltr'>spoliis,</span> <span class='ocrx_word' id='word_1_231' title='bbox 474 2501 558 2564; x_wconf 88' lang='lat' dir='ltr'>quae</span> <span class='ocrx_word' id='word_1_232' title='bbox 581 2482 712 2566; x_wconf 85' lang='lat' dir='ltr'>regibus</span> <span class='ocrx_word' id='word_1_233' title='bbox 736 2482 935 2566; x_wconf 90' lang='lat' dir='ltr'>ducibusque</span> <span class='ocrx_word' id='word_1_234' title='bbox 959 2483 1097 2548; x_wconf 84' lang='lat' dir='ltr'>hostiurn</span> <span class='ocrx_word' id='word_1_235' title='bbox 1122 2485 1226 2550; x_wconf 90' lang='lat' dir='ltr'>caesis</span> <span class='ocrx_word' id='word_1_236' title='bbox 1251 2505 1302 2550; x_wconf 90' lang='lat' dir='ltr'>me</span> <span class='ocrx_word' id='word_1_237' title='bbox 1326 2491 1489 2550; x_wconf 90' lang='lat' dir='ltr'>auctorem</span> <span class='ocrx_word' id='word_1_238' title='bbox 1513 2490 1685 2567; x_wconf 90' lang='lat' dir='ltr'>sequentes</span> <span class='ocrx_word' id='word_1_239' title='bbox 1696 2483 1818 2568; x_wconf 86' lang='lat' dir='ltr'>posteri</span> <span class='ocrx_word' id='word_1_240' title='bbox 1840 2481 1986 2548; x_wconf 85' lang='lat' dir='ltr'>ierent‘.</span> 
     </span>
    </p>
   </div>
   <div class='ocr_carea' id='block_1_3' title="bbox 327 2601 2148 3010">
    <p class='ocr_par' dir='ltr' id='par_1_3' title="bbox 327 2601 2148 3010">
     <span class='ocr_line' id='line_1_20' title="bbox 489 2601 2148 2693; baseline -0.002 -23"><span class='ocrx_word' id='word_1_241' title='bbox 489 2606 692 2690; x_wconf 82' lang='lat' dir='ltr'>Quamquam</span> <span class='ocrx_word' id='word_1_242' title='bbox 716 2607 813 2690; x_wconf 84' lang='lat' dir='ltr'>igitur</span> <span class='ocrx_word' id='word_1_243' title='bbox 834 2606 1045 2690; x_wconf 86' lang='lat' dir='ltr'>veriloquium</span> <span class='ocrx_word' id='word_1_244' title='bbox 1069 2609 1323 2693; x_wconf 88' lang='lat' dir='ltr'>Propertianum,</span> <span class='ocrx_word' id='word_1_245' title='bbox 1356 2609 1508 2674; x_wconf 88' lang='lat' dir='ltr'>Varronis</span> <span class='ocrx_word' id='word_1_246' title='bbox 1540 2609 1627 2674; x_wconf 90' lang='lat' dir='ltr'>velut</span> <span class='ocrx_word' id='word_1_247' title='bbox 1657 2607 1815 2675; x_wconf 86' lang='lat' dir='ltr'>exhalans</span> <span class='ocrx_word' id='word_1_248' title='bbox 1839 2607 2029 2689; x_wconf 87' lang='lat' dir='ltr'>doctrinam,</span> <span class='ocrx_word' id='word_1_249' title='bbox 2058 2601 2148 2688; x_wconf 87' lang='lat' dir='ltr'>apud</span> 
     </span>
     <span class='ocr_line' id='line_1_21' title="bbox 327 2707 2147 2799; baseline -0.001 -22"><span class='ocrx_word' id='word_1_250' title='bbox 327 2712 454 2777; x_wconf 91' lang='lat' dir='ltr'>Livium</span> <span class='ocrx_word' id='word_1_251' title='bbox 488 2732 534 2777; x_wconf 84' lang='lat' dir='ltr'>ex</span> <span class='ocrx_word' id='word_1_252' title='bbox 567 2719 679 2797; x_wconf 90' lang='lat' dir='ltr'>parte</span> <span class='ocrx_word' id='word_1_253' title='bbox 703 2720 827 2780; x_wconf 88' lang='lat' dir='ltr'>tantum</span> <span class='ocrx_word' id='word_1_254' title='bbox 861 2714 1006 2798; x_wconf 88' lang='lat' dir='ltr'>occurrit,</span> <span class='ocrx_word' id='word_1_255' title='bbox 1050 2721 1159 2780; x_wconf 90' lang='lat' dir='ltr'>tamen</span> <span class='ocrx_word' id='word_1_256' title='bbox 1183 2715 1215 2779; x_wconf 92' lang='lat' dir='ltr'>in</span> <span class='ocrx_word' id='word_1_257' title='bbox 1240 2715 1365 2782; x_wconf 91' lang='lat' dir='ltr'>decimo</span> <span class='ocrx_word' id='word_1_258' title='bbox 1399 2735 1526 2799; x_wconf 89' lang='lat' dir='ltr'>quoque</span> <span class='ocrx_word' id='word_1_259' title='bbox 1560 2716 1701 2782; x_wconf 88' lang='lat' dir='ltr'>carmine</span> <span class='ocrx_word' id='word_1_260' title='bbox 1733 2720 1863 2798; x_wconf 89' lang='lat' dir='ltr'>poetam</span> <span class='ocrx_word' id='word_1_261' title='bbox 1895 2712 2047 2778; x_wconf 89' lang='lat' dir='ltr'>historico</span> <span class='ocrx_word' id='word_1_262' title='bbox 2070 2707 2147 2775; x_wconf 90' lang='lat' dir='ltr'>huic</span> 
     </span>
     <span class='ocr_line' id='line_1_22' title="bbox 329 2817 2142 2910; baseline -0.001 -25"><span class='ocrx_word' id='word_1_263' title='bbox 329 2819 500 2885; x_wconf 83' lang='lat' dir='ltr'>obnoxium</span> <span class='ocrx_word' id='word_1_264' title='bbox 532 2825 647 2904; x_wconf 86' lang='lat' dir='ltr'>putare</span> <span class='ocrx_word' id='word_1_265' title='bbox 677 2820 851 2886; x_wconf 78' lang='lat' dir='ltr'>&#39;lberkium</span> <span class='ocrx_word' id='word_1_266' title='bbox 881 2819 977 2886; x_wconf 90' lang='lat' dir='ltr'>modo</span> <span class='ocrx_word' id='word_1_267' title='bbox 1007 2819 1153 2910; x_wconf 83' lang='lat' dir='ltr'>diximus.</span> <span class='ocrx_word' id='word_1_268' title='bbox 1201 2821 1279 2886; x_wconf 86' lang='lat' dir='ltr'>Cum</span> <span class='ocrx_word' id='word_1_269' title='bbox 1312 2822 1398 2888; x_wconf 92' lang='lat' dir='ltr'>Livii</span> <span class='ocrx_word' id='word_1_270' title='bbox 1430 2823 1537 2888; x_wconf 86' lang='lat' dir='ltr'>verbis</span> <span class='ocrx_word' id='word_1_271' title='bbox 1571 2827 1713 2887; x_wconf 84' lang='lat' dir='ltr'>extremo</span> <span class='ocrx_word' id='word_1_272' title='bbox 1747 2821 1819 2886; x_wconf 89' lang='lat' dir='ltr'>loco</span> <span class='ocrx_word' id='word_1_273' title='bbox 1853 2841 1874 2886; x_wconf 91' lang='lat' dir='ltr'>a</span> <span class='ocrx_word' id='word_1_274' title='bbox 1906 2819 2000 2886; x_wconf 92' lang='lat' dir='ltr'>nobis</span> <span class='ocrx_word' id='word_1_275' title='bbox 2033 2817 2142 2885; x_wconf 85' lang='lat' dir='ltr'>allatis</span> 
     </span>
     <span class='ocr_line' id='line_1_23' title="bbox 329 2931 754 3010; baseline 0.005 -20"><span class='ocrx_word' id='word_1_276' title='bbox 329 2933 496 3010; x_wconf 88' lang='lat' dir='ltr'>comparat</span> <span class='ocrx_word' id='word_1_277' title='bbox 518 2946 630 2992; x_wconf 90' lang='lat' dir='ltr'>versus</span> <span class='ocrx_word' id='word_1_278' title='bbox 654 2931 674 2991; x_wconf 77' lang='grc' dir='ltr'>ό</span> <span class='ocrx_word' id='word_1_279' title='bbox 695 2947 754 3010; x_wconf 87' lang='lat' dir='ltr'>sq:</span> 
     </span>
    </p>
   </div>
   <div class='ocr_carea' id='block_1_4' title="bbox 755 3043 1626 3236">
    <p class='ocr_par' dir='ltr' id='par_1_4' title="bbox 755 3043 1626 3236">
     <span class='ocr_line' id='line_1_24' title="bbox 755 3043 1626 3130; baseline 0.003 -23"><span class='ocrx_word' id='word_1_280' title='bbox 755 3043 887 3128; x_wconf 90' lang='lat' dir='ltr'>,lmbuis</span> <span class='ocrx_word' id='word_1_281' title='bbox 911 3045 1092 3129; x_wconf 84' lang='lat' dir='ltr'>exemplum</span> <span class='ocrx_word' id='word_1_282' title='bbox 1114 3045 1237 3128; x_wconf 88' lang='lat' dir='ltr'>primae</span> <span class='ocrx_word' id='word_1_283' title='bbox 1261 3051 1305 3130; x_wconf 88' lang='lat' dir='ltr'>tu,</span> <span class='ocrx_word' id='word_1_284' title='bbox 1328 3044 1473 3128; x_wconf 88' lang='lat' dir='ltr'>Romule,</span> <span class='ocrx_word' id='word_1_285' title='bbox 1497 3044 1626 3129; x_wconf 88' lang='lat' dir='ltr'>palmae</span> 
     </span>
     <span class='ocr_line' id='line_1_25' title="bbox 755 3149 1513 3236; baseline 0.004 -22"><span class='ocrx_word' id='word_1_286' title='bbox 755 3149 867 3233; x_wconf 89' lang='lat' dir='ltr'>Huius,</span> <span class='ocrx_word' id='word_1_287' title='bbox 893 3157 924 3215; x_wconf 90' lang='lat' dir='ltr'>et</span> <span class='ocrx_word' id='word_1_288' title='bbox 948 3151 1062 3217; x_wconf 82' lang='lat' dir='ltr'>crovio</span> <span class='ocrx_word' id='word_1_289' title='bbox 1087 3150 1201 3236; x_wconf 91' lang='lat' dir='ltr'>plenus</span> <span class='ocrx_word' id='word_1_290' title='bbox 1225 3151 1267 3216; x_wconf 91' lang='lat' dir='ltr'>ab</span> <span class='ocrx_word' id='word_1_291' title='bbox 1292 3153 1384 3218; x_wconf 90' lang='lat' dir='ltr'>hoste</span> <span class='ocrx_word' id='word_1_292' title='bbox 1407 3151 1513 3217; x_wconf 88' lang='lat' dir='ltr'>redis‘.</span> 
     </span>
    </p>
   </div>
   <div class='ocr_carea' id='block_1_5' title="bbox 329 3263 2145 3884">
    <p class='ocr_par' dir='ltr' id='par_1_5' title="bbox 329 3263 2145 3884">
     <span class='ocr_line' id='line_1_26' title="bbox 330 3263 2143 3352; baseline 0.001 -24"><span class='ocrx_word' id='word_1_293' title='bbox 330 3264 457 3349; x_wconf 93' lang='lat' dir='ltr'>Laudo,</span> <span class='ocrx_word' id='word_1_294' title='bbox 488 3265 575 3348; x_wconf 93' lang='lat' dir='ltr'>quod</span> <span class='ocrx_word' id='word_1_295' title='bbox 599 3272 691 3331; x_wconf 89' lang='lat' dir='ltr'>caute</span> <span class='ocrx_word' id='word_1_296' title='bbox 716 3265 809 3332; x_wconf 87' lang='lat' dir='ltr'>addit</span> <span class='ocrx_word' id='word_1_297' title='bbox 831 3265 879 3330; x_wconf 94' lang='lat' dir='ltr'>vir</span> <span class='ocrx_word' id='word_1_298' title='bbox 903 3265 1031 3332; x_wconf 91' lang='lat' dir='ltr'>doctus:</span> <span class='ocrx_word' id='word_1_299' title='bbox 1064 3267 1197 3352; x_wconf 84' lang='lat' dir='ltr'>,Tamen</span> <span class='ocrx_word' id='word_1_300' title='bbox 1232 3287 1296 3332; x_wconf 91' lang='lat' dir='ltr'>uon</span> <span class='ocrx_word' id='word_1_301' title='bbox 1320 3267 1459 3333; x_wconf 87' lang='lat' dir='ltr'>audeam</span> <span class='ocrx_word' id='word_1_302' title='bbox 1484 3272 1624 3332; x_wconf 89' lang='lat' dir='ltr'>statuere</span> <span class='ocrx_word' id='word_1_303' title='bbox 1648 3265 1815 3350; x_wconf 88' lang='lat' dir='ltr'>Propertio</span> <span class='ocrx_word' id='word_1_304' title='bbox 1839 3263 1928 3330; x_wconf 90' lang='lat' dir='ltr'>illam</span> <span class='ocrx_word' id='word_1_305' title='bbox 1952 3263 2143 3332; x_wconf 87' lang='lat' dir='ltr'>sententiam</span> 
     </span>
     <span class='ocr_line' id='line_1_27' title="bbox 331 3369 2144 3459; baseline 0 -22"><span class='ocrx_word' id='word_1_306' title='bbox 331 3391 372 3437; x_wconf 82' lang='lat' dir='ltr'>ex</span> <span class='ocrx_word' id='word_1_307' title='bbox 395 3369 488 3437; x_wconf 89' lang='lat' dir='ltr'>Livio</span> <span class='ocrx_word' id='word_1_308' title='bbox 514 3370 724 3438; x_wconf 87' lang='lat' dir='ltr'>hauriendam</span> <span class='ocrx_word' id='word_1_309' title='bbox 740 3371 851 3456; x_wconf 86' lang='lat' dir='ltr'>luisse,</span> <span class='ocrx_word' id='word_1_310' title='bbox 876 3393 947 3438; x_wconf 89' lang='lat' dir='ltr'>cum</span> <span class='ocrx_word' id='word_1_311' title='bbox 972 3393 1011 3439; x_wconf 90' lang='lat' dir='ltr'>ea</span> <span class='ocrx_word' id='word_1_312' title='bbox 1035 3374 1066 3437; x_wconf 91' lang='lat' dir='ltr'>in</span> <span class='ocrx_word' id='word_1_313' title='bbox 1091 3375 1164 3458; x_wconf 89' lang='lat' dir='ltr'>ipsa</span> <span class='ocrx_word' id='word_1_314' title='bbox 1187 3395 1222 3440; x_wconf 91' lang='lat' dir='ltr'>re</span> <span class='ocrx_word' id='word_1_315' title='bbox 1245 3373 1353 3459; x_wconf 89' lang='lat' dir='ltr'>posita</span> <span class='ocrx_word' id='word_1_316' title='bbox 1377 3374 1436 3439; x_wconf 87' lang='lat' dir='ltr'>sit‘</span> <span class='ocrx_word' id='word_1_317' title='bbox 1470 3373 1555 3451; x_wconf 79' lang='lat' dir='ltr'>Quid</span> <span class='ocrx_word' id='word_1_318' title='bbox 1574 3393 1650 3439; x_wconf 90' lang='lat' dir='ltr'>vero</span> <span class='ocrx_word' id='word_1_319' title='bbox 1674 3371 1889 3438; x_wconf 90' lang='lat' dir='ltr'>similitudinis</span> <span class='ocrx_word' id='word_1_320' title='bbox 1914 3371 1956 3438; x_wconf 91' lang='lat' dir='ltr'>sit</span> <span class='ocrx_word' id='word_1_321' title='bbox 1977 3373 2010 3437; x_wconf 91' lang='lat' dir='ltr'>in</span> <span class='ocrx_word' id='word_1_322' title='bbox 2034 3391 2144 3457; x_wconf 82' lang='lat' dir='ltr'>pugna</span> 
     </span>
     <span class='ocr_line' id='line_1_28' title="bbox 331 3477 2145 3565; baseline -0.001 -22"><span class='ocrx_word' id='word_1_323' title='bbox 331 3477 457 3544; x_wconf 88' lang='lat' dir='ltr'>Romuli</span> <span class='ocrx_word' id='word_1_324' title='bbox 482 3484 514 3542; x_wconf 89' lang='lat' dir='ltr'>et</span> <span class='ocrx_word' id='word_1_325' title='bbox 536 3478 684 3545; x_wconf 82' lang='lat' dir='ltr'>Acrontis</span> <span class='ocrx_word' id='word_1_326' title='bbox 708 3481 750 3546; x_wconf 91' lang='lat' dir='ltr'>ab</span> <span class='ocrx_word' id='word_1_327' title='bbox 764 3488 898 3563; x_wconf 86' lang='lat' dir='ltr'>utroque</span> <span class='ocrx_word' id='word_1_328' title='bbox 918 3480 1081 3565; x_wconf 90' lang='lat' dir='ltr'>descripta</span> <span class='ocrx_word' id='word_1_329' title='bbox 1103 3487 1144 3561; x_wconf 83' lang='lat' dir='ltr'>(v.</span> <span class='ocrx_word' id='word_1_330' title='bbox 1162 3481 1279 3546; x_wconf 88' lang='lat' dir='ltr'>Tuerk.</span> <span class='ocrx_word' id='word_1_331' title='bbox 1304 3500 1333 3563; x_wconf 94' lang='lat' dir='ltr'>p.</span> <span class='ocrx_word' id='word_1_332' title='bbox 1353 3483 1421 3564; x_wconf 76' lang='lat'>44),</span> <span class='ocrx_word' id='word_1_333' title='bbox 1446 3479 1594 3562; x_wconf 87' lang='lat' dir='ltr'>equidem</span> <span class='ocrx_word' id='word_1_334' title='bbox 1617 3500 1681 3544; x_wconf 93' lang='lat' dir='ltr'>non</span> <span class='ocrx_word' id='word_1_335' title='bbox 1706 3479 1864 3563; x_wconf 88' lang='lat' dir='ltr'>expiscor.</span> <span class='ocrx_word' id='word_1_336' title='bbox 1904 3478 1999 3564; x_wconf 85' lang='lat' dir='ltr'>Apud</span> <span class='ocrx_word' id='word_1_337' title='bbox 2015 3477 2145 3544; x_wconf 90' lang='lat' dir='ltr'>Livium</span> 
     </span>
     <span class='ocr_line' id='line_1_29' title="bbox 332 3584 2144 3672; baseline 0.001 -23"><span class='ocrx_word' id='word_1_338' title='bbox 332 3584 373 3650; x_wconf 92' lang='lat' dir='ltr'>de</span> <span class='ocrx_word' id='word_1_339' title='bbox 404 3584 597 3669; x_wconf 79' lang='lat' dir='ltr'>singulari</span> <span class='ocrx_word' id='word_1_340' title='bbox 626 3586 749 3670; x_wconf 90' lang='lat' dir='ltr'>proelio</span> <span class='ocrx_word' id='word_1_341' title='bbox 773 3587 861 3651; x_wconf 91' lang='lat' dir='ltr'>nullo</span> <span class='ocrx_word' id='word_1_342' title='bbox 885 3593 981 3671; x_wconf 93' lang='lat' dir='ltr'>pacto</span> <span class='ocrx_word' id='word_1_343' title='bbox 1014 3587 1150 3670; x_wconf 86' lang='lat' dir='ltr'>cogitari</span> <span class='ocrx_word' id='word_1_344' title='bbox 1173 3595 1290 3672; x_wconf 92' lang='lat' dir='ltr'>potest,</span> <span class='ocrx_word' id='word_1_345' title='bbox 1324 3594 1452 3672; x_wconf 90' lang='lat' dir='ltr'>poetam</span> <span class='ocrx_word' id='word_1_346' title='bbox 1477 3593 1585 3652; x_wconf 88' lang='lat' dir='ltr'>autom</span> <span class='ocrx_word' id='word_1_347' title='bbox 1609 3592 1771 3651; x_wconf 87' lang='lat' dir='ltr'>certamen</span> <span class='ocrx_word' id='word_1_348' title='bbox 1795 3586 1957 3669; x_wconf 81' lang='lat' dir='ltr'>singulare</span> <span class='ocrx_word' id='word_1_349' title='bbox 1981 3584 2144 3652; x_wconf 89' lang='lat' dir='ltr'>inanimo</span> 
     </span>
     <span class='ocr_line' id='line_1_30' title="bbox 330 3690 2144 3778; baseline 0.001 -23"><span class='ocrx_word' id='word_1_350' title='bbox 330 3690 492 3776; x_wconf 88' lang='lat' dir='ltr'>habuisse,</span> <span class='ocrx_word' id='word_1_351' title='bbox 529 3712 722 3777; x_wconf 91' lang='lat' dir='ltr'>quamquam</span> <span class='ocrx_word' id='word_1_352' title='bbox 751 3693 880 3759; x_wconf 88' lang='lat' dir='ltr'>disertis</span> <span class='ocrx_word' id='word_1_353' title='bbox 910 3693 1115 3777; x_wconf 82' lang='lat' dir='ltr'>expressisve</span> <span class='ocrx_word' id='word_1_354' title='bbox 1147 3694 1254 3760; x_wconf 87' lang='lat' dir='ltr'>verbis</span> <span class='ocrx_word' id='word_1_355' title='bbox 1288 3695 1394 3778; x_wconf 88' lang='lat' dir='ltr'>palam</span> <span class='ocrx_word' id='word_1_356' title='bbox 1437 3715 1500 3759; x_wconf 93' lang='lat' dir='ltr'>non</span> <span class='ocrx_word' id='word_1_357' title='bbox 1542 3693 1588 3776; x_wconf 85' lang='lat' dir='ltr'>fit,</span> <span class='ocrx_word' id='word_1_358' title='bbox 1636 3700 1745 3759; x_wconf 91' lang='lat' dir='ltr'>tamen</span> <span class='ocrx_word' id='word_1_359' title='bbox 1778 3712 1819 3758; x_wconf 85' lang='lat' dir='ltr'>ex</span> <span class='ocrx_word' id='word_1_360' title='bbox 1855 3699 1925 3758; x_wconf 91' lang='lat' dir='ltr'>tota</span> <span class='ocrx_word' id='word_1_361' title='bbox 1951 3691 2144 3758; x_wconf 87' lang='lat' dir='ltr'>narrationis</span> 
     </span>
     <span class='ocr_line' id='line_1_31' title="bbox 329 3799 1161 3884; baseline 0.005 -20"><span class='ocrx_word' id='word_1_362' title='bbox 329 3799 438 3866; x_wconf 89' lang='lat' dir='ltr'>indole</span> <span class='ocrx_word' id='word_1_363' title='bbox 475 3801 620 3865; x_wconf 89' lang='lat' dir='ltr'>valemus</span> <span class='ocrx_word' id='word_1_364' title='bbox 644 3799 797 3884; x_wconf 83' lang='lat' dir='ltr'>colligere</span> <span class='ocrx_word' id='word_1_365' title='bbox 820 3805 859 3880; x_wconf 92' lang='lat' dir='ltr'>(v.</span> <span class='ocrx_word' id='word_1_366' title='bbox 883 3801 1023 3866; x_wconf 83' lang='lat' dir='ltr'>manime</span> <span class='ocrx_word' id='word_1_367' title='bbox 1048 3823 1074 3867; x_wconf 94' lang='grc' dir='ltr'>ν.</span> <span class='ocrx_word' id='word_1_368' title='bbox 1101 3806 1161 3882; x_wconf 91' lang='grc'>11).</span> 
     </span>
    </p>
   </div>
   <div class='ocr_carea' id='block_1_6' title="bbox 331 3923 2144 4118">
    <p class='ocr_par' dir='ltr' id='par_1_6' title="bbox 331 3923 2144 4118">
     <span class='ocr_line' id='line_1_32' title="bbox 491 3923 2144 4011; baseline -0.001 -20"><span class='ocrx_word' id='word_1_369' title='bbox 491 3924 557 3991; x_wconf 89' lang='lat' dir='ltr'>Sed</span> <span class='ocrx_word' id='word_1_370' title='bbox 585 3924 638 3990; x_wconf 83' lang='lat' dir='ltr'>lac</span> <span class='ocrx_word' id='word_1_371' title='bbox 666 3932 753 3992; x_wconf 86' lang='lat' dir='ltr'>recte</span> <span class='ocrx_word' id='word_1_372' title='bbox 785 3925 929 3992; x_wconf 90' lang='lat' dir='ltr'>indicare</span> <span class='ocrx_word' id='word_1_373' title='bbox 961 3927 1135 3992; x_wconf 78' lang='lat' dir='ltr'>Tucrkium</span> <span class='ocrx_word' id='word_1_374' title='bbox 1168 3927 1209 3992; x_wconf 90' lang='lat' dir='ltr'>dc</span> <span class='ocrx_word' id='word_1_375' title='bbox 1239 3927 1300 3992; x_wconf 92' lang='lat' dir='ltr'>hoo</span> <span class='ocrx_word' id='word_1_376' title='bbox 1332 3925 1455 4011; x_wconf 89' lang='lat' dir='ltr'>proelio</span> <span class='ocrx_word' id='word_1_377' title='bbox 1489 3925 1634 3992; x_wconf 91' lang='lat' dir='ltr'>similiter</span> <span class='ocrx_word' id='word_1_378' title='bbox 1666 3947 1686 3991; x_wconf 92' lang='lat' dir='ltr'>a</span> <span class='ocrx_word' id='word_1_379' title='bbox 1719 3932 1818 4011; x_wconf 89' lang='lat' dir='ltr'>poeta</span> <span class='ocrx_word' id='word_1_380' title='bbox 1851 3932 1883 3992; x_wconf 91' lang='lat' dir='ltr'>ct</span> <span class='ocrx_word' id='word_1_381' title='bbox 1915 3925 1957 3990; x_wconf 88' lang='lat' dir='ltr'>ab</span> <span class='ocrx_word' id='word_1_382' title='bbox 1991 3923 2144 3990; x_wconf 91' lang='lat' dir='ltr'>historico</span> 
     </span>
     <span class='ocr_line' id='line_1_33' title="bbox 331 4031 2015 4118; baseline -0.001 -21"><span class='ocrx_word' id='word_1_383' title='bbox 331 4031 505 4116; x_wconf 88' lang='lat' dir='ltr'>descripto:</span> <span class='ocrx_word' id='word_1_384' title='bbox 529 4038 604 4098; x_wconf 91' lang='lat' dir='ltr'>tunc</span> <span class='ocrx_word' id='word_1_385' title='bbox 629 4031 777 4116; x_wconf 88' lang='lat' dir='ltr'>equidem</span> <span class='ocrx_word' id='word_1_386' title='bbox 801 4032 885 4098; x_wconf 91' lang='lat' dir='ltr'>Livii</span> <span class='ocrx_word' id='word_1_387' title='bbox 909 4032 996 4099; x_wconf 88' lang='lat' dir='ltr'>haud</span> <span class='ocrx_word' id='word_1_388' title='bbox 1020 4034 1062 4099; x_wconf 88' lang='lat' dir='ltr'>ab</span> <span class='ocrx_word' id='word_1_389' title='bbox 1086 4055 1121 4100; x_wconf 91' lang='lat' dir='ltr'>re</span> <span class='ocrx_word' id='word_1_390' title='bbox 1145 4034 1227 4101; x_wconf 90' lang='lat' dir='ltr'>duco</span> <span class='ocrx_word' id='word_1_391' title='bbox 1253 4053 1446 4118; x_wconf 90' lang='lat' dir='ltr'>componere</span> <span class='ocrx_word' id='word_1_392' title='bbox 1469 4033 1686 4100; x_wconf 88' lang='lat' dir='ltr'>narrationem</span> <span class='ocrx_word' id='word_1_393' title='bbox 1710 4053 1782 4098; x_wconf 90' lang='lat' dir='ltr'>cum</span> <span class='ocrx_word' id='word_1_394' title='bbox 1804 4031 2015 4118; x_wconf 82' lang='lat' dir='ltr'>Dionysii:</span> 
     </span>
    </p>
   </div>
   <div class='ocr_carea' id='block_1_7' title="bbox 329 4155 2147 4989">
    <p class='ocr_par' dir='ltr' id='par_1_7' title="bbox 329 4155 2147 4883">
     <span class='ocr_line' id='line_1_34' title="bbox 329 4155 2145 4244; baseline 0 -23"><span class='ocrx_word' id='word_1_395' title='bbox 329 4155 400 4224; x_wconf 90' lang='lat' dir='ltr'>Liv.</span> <span class='ocrx_word' id='word_1_396' title='bbox 431 4158 456 4241; x_wconf 92' lang='lat'>1,</span> <span class='ocrx_word' id='word_1_397' title='bbox 492 4158 548 4221; x_wconf 90' lang='lat'>10:</span> <span class='ocrx_word' id='word_1_398' title='bbox 585 4157 721 4240; x_wconf 89' lang='lat' dir='ltr'>,Nomen</span> <span class='ocrx_word' id='word_1_399' title='bbox 750 4156 928 4222; x_wconf 84' lang='lat' dir='ltr'>Caeninum</span> <span class='ocrx_word' id='word_1_400' title='bbox 958 4157 991 4221; x_wconf 93' lang='lat' dir='ltr'>in</span> <span class='ocrx_word' id='word_1_401' title='bbox 1014 4178 1127 4241; x_wconf 80' lang='lat' dir='ltr'>agrum</span> <span class='ocrx_word' id='word_1_402' title='bbox 1151 4160 1212 4224; x_wconf 89' lang='lat' dir='ltr'>Ro·</span> <span class='ocrx_word' id='word_1_403' title='bbox 1268 4157 1362 4224; x_wconf 90' lang='lat' dir='ltr'>Dion.</span> <span class='ocrx_word' id='word_1_404' title='bbox 1387 4159 1429 4238; x_wconf 92' lang='lat' dir='ltr'>ll,</span> <span class='ocrx_word' id='word_1_405' title='bbox 1459 4162 1515 4224; x_wconf 87' lang='lat'>33:</span> <span class='ocrx_word' id='word_1_406' title='bbox 1548 4155 1842 4244; x_wconf 80' lang='grc' dir='ltr'>,Ἐξεστρατευμένων</span> <span class='ocrx_word' id='word_1_407' title='bbox 1872 4158 1906 4238; x_wconf 71' lang='grc' dir='ltr'>δὲ</span> <span class='ocrx_word' id='word_1_408' title='bbox 1931 4155 2042 4221; x_wconf 88' lang='grc' dir='ltr'>τούτων</span> <span class='ocrx_word' id='word_1_409' title='bbox 2065 4155 2145 4242; x_wconf 87' lang='lat' dir='ltr'>(scil.</span> 
     </span>
     <span class='ocr_line' id='line_1_35' title="bbox 330 4263 2145 4350; baseline -0.001 -22"><span class='ocrx_word' id='word_1_410' title='bbox 330 4283 460 4329; x_wconf 83' lang='lat' dir='ltr'>manum</span> <span class='ocrx_word' id='word_1_411' title='bbox 482 4263 635 4347; x_wconf 82' lang='lat' dir='ltr'>impetum</span> <span class='ocrx_word' id='word_1_412' title='bbox 659 4263 747 4330; x_wconf 84' lang='lat' dir='ltr'>facil.</span> <span class='ocrx_word' id='word_1_413' title='bbox 802 4263 869 4330; x_wconf 80' lang='lat' dir='ltr'>Sed</span> <span class='ocrx_word' id='word_1_414' title='bbox 900 4264 1027 4329; x_wconf 80' lang='lat' dir='ltr'>effuse</span> <span class='ocrx_word' id='word_1_415' title='bbox 1055 4273 1213 4331; x_wconf 82' lang='lat' dir='ltr'>vastan-</span> <span class='ocrx_word' id='word_1_416' title='bbox 1267 4273 1324 4328; x_wconf 84' lang='grc' dir='ltr'>τῶν</span> <span class='ocrx_word' id='word_1_417' title='bbox 1364 4263 1548 4346; x_wconf 83' lang='grc' dir='ltr'>Καινινιτῶν)</span> <span class='ocrx_word' id='word_1_418' title='bbox 1593 4267 1643 4329; x_wconf 83' lang='grc' dir='ltr'>καὶ</span> <span class='ocrx_word' id='word_1_419' title='bbox 1686 4263 1900 4350; x_wconf 72' lang='grc' dir='ltr'>δῃούντων</span> <span class='ocrx_word' id='word_1_420' title='bbox 1946 4265 1997 4348; x_wconf 85' lang='grc' dir='ltr'>τὴν</span> <span class='ocrx_word' id='word_1_421' title='bbox 2039 4264 2145 4348; x_wconf 78' lang='grc' dir='ltr'>ὅμορον</span> 
     </span>
     <span class='ocr_line' id='line_1_36' title="bbox 331 4369 2146 4459; baseline 0.002 -25"><span class='ocrx_word' id='word_1_422' title='bbox 331 4371 437 4436; x_wconf 89' lang='lat' dir='ltr'>tibus</span> <span class='ocrx_word' id='word_1_423' title='bbox 467 4369 515 4435; x_wconf 85' lang='lat' dir='ltr'>lit</span> <span class='ocrx_word' id='word_1_424' title='bbox 544 4369 680 4436; x_wconf 91' lang='lat' dir='ltr'>obvius</span> <span class='ocrx_word' id='word_1_425' title='bbox 712 4391 793 4436; x_wconf 90' lang='lat' dir='ltr'>cum</span> <span class='ocrx_word' id='word_1_426' title='bbox 822 4371 998 4437; x_wconf 82' lang='lat' dir='ltr'>exercitu</span> <span class='ocrx_word' id='word_1_427' title='bbox 1028 4372 1212 4439; x_wconf 85' lang='lat' dir='ltr'>Romulus</span> <span class='ocrx_word' id='word_1_428' title='bbox 1268 4373 1450 4455; x_wconf 78' lang='grc' dir='ltr'>ἐξαγαγὼν</span> <span class='ocrx_word' id='word_1_429' title='bbox 1478 4374 1538 4456; x_wconf 81' lang='grc' dir='ltr'>τὴν</span> <span class='ocrx_word' id='word_1_430' title='bbox 1568 4371 1716 4459; x_wconf 86' lang='grc' dir='ltr'>δύναμιν</span> <span class='ocrx_word' id='word_1_431' title='bbox 1749 4375 1764 4436; x_wconf 84' lang='grc' dir='ltr'>ὁ</span> <span class='ocrx_word' id='word_1_432' title='bbox 1788 4369 2051 4456; x_wconf 82' lang='grc' dir='ltr'>Ῥωμύλος...</span> <span class='ocrx_word' id='word_1_433' title='bbox 2075 4371 2146 4437; x_wconf 84' lang='grc' dir='ltr'>τοῖς</span> 
     </span>
     <span class='ocr_line' id='line_1_37' title="bbox 333 4476 2145 4564; baseline -0.002 -23"><span class='ocrx_word' id='word_1_434' title='bbox 333 4476 459 4560; x_wconf 89' lang='lat' dir='ltr'>levique</span> <span class='ocrx_word' id='word_1_435' title='bbox 496 4477 670 4543; x_wconf 88' lang='lat' dir='ltr'>certamine</span> <span class='ocrx_word' id='word_1_436' title='bbox 710 4477 806 4543; x_wconf 90' lang='lat' dir='ltr'>docet</span> <span class='ocrx_word' id='word_1_437' title='bbox 841 4498 957 4542; x_wconf 92' lang='lat' dir='ltr'>vanam</span> <span class='ocrx_word' id='word_1_438' title='bbox 990 4479 1060 4544; x_wconf 89' lang='lat' dir='ltr'>sine</span> <span class='ocrx_word' id='word_1_439' title='bbox 1093 4478 1213 4545; x_wconf 91' lang='lat' dir='ltr'>viribus</span> <span class='ocrx_word' id='word_1_440' title='bbox 1268 4478 1460 4564; x_wconf 70' lang='grc' dir='ltr'>φεύγουσιν</span> <span class='ocrx_word' id='word_1_441' title='bbox 1485 4480 1526 4548; x_wconf 79' lang='grc' dir='ltr'>εἰς</span> <span class='ocrx_word' id='word_1_442' title='bbox 1549 4482 1600 4563; x_wconf 83' lang='grc' dir='ltr'>τὴν</span> <span class='ocrx_word' id='word_1_443' title='bbox 1623 4479 1706 4544; x_wconf 83' lang='grc' dir='ltr'>πόλιν</span> <span class='ocrx_word' id='word_1_444' title='bbox 1731 4481 1764 4544; x_wconf 78' lang='grc' dir='ltr'>ἐκ</span> <span class='ocrx_word' id='word_1_445' title='bbox 1787 4481 1878 4550; x_wconf 85' lang='grc' dir='ltr'>ποδὸς</span> <span class='ocrx_word' id='word_1_446' title='bbox 1901 4477 2145 4562; x_wconf 81' lang='grc' dir='ltr'>ἑπόμενος...</span> 
     </span>
     <span class='ocr_line' id='line_1_38' title="bbox 332 4583 2146 4674; baseline -0.001 -26"><span class='ocrx_word' id='word_1_447' title='bbox 332 4584 414 4650; x_wconf 84' lang='lat' dir='ltr'>iram</span> <span class='ocrx_word' id='word_1_448' title='bbox 438 4603 519 4651; x_wconf 81' lang='lat' dir='ltr'>esse.</span> <span class='ocrx_word' id='word_1_449' title='bbox 564 4584 748 4650; x_wconf 83' lang='lat' dir='ltr'>Exercitum</span> <span class='ocrx_word' id='word_1_450' title='bbox 772 4584 875 4650; x_wconf 83' lang='lat' dir='ltr'>fundit</span> <span class='ocrx_word' id='word_1_451' title='bbox 898 4585 1062 4668; x_wconf 79' lang='lat' dir='ltr'>fugatque,</span> <span class='ocrx_word' id='word_1_452' title='bbox 1092 4585 1212 4651; x_wconf 79' lang='lat' dir='ltr'>iusum</span> <span class='ocrx_word' id='word_1_453' title='bbox 1269 4585 1759 4674; x_wconf 78' lang='grc' dir='ltr'>αἱρεῖτὴνπόλινέξέφόδου</span> <span class='ocrx_word' id='word_1_454' title='bbox 1779 4587 1914 4650; x_wconf 76' lang='grc' dir='ltr'>καὶτὸν</span> <span class='ocrx_word' id='word_1_455' title='bbox 1935 4583 2146 4671; x_wconf 82' lang='grc' dir='ltr'>βασιλέα...</span> 
     </span>
     <span class='ocr_line' id='line_1_39' title="bbox 332 4690 2147 4780; baseline -0.001 -24"><span class='ocrx_word' id='word_1_456' title='bbox 332 4691 593 4776; x_wconf 82' lang='lat' dir='ltr'>persequitur3</span> <span class='ocrx_word' id='word_1_457' title='bbox 617 4711 746 4775; x_wconf 82' lang='lat' dir='ltr'>regem</span> <span class='ocrx_word' id='word_1_458' title='bbox 770 4691 807 4756; x_wconf 90' lang='lat' dir='ltr'>in</span> <span class='ocrx_word' id='word_1_459' title='bbox 829 4691 981 4776; x_wconf 88' lang='lat' dir='ltr'>proelio</span> <span class='ocrx_word' id='word_1_460' title='bbox 1006 4693 1214 4758; x_wconf 85' lang='lat' dir='ltr'>obtruncat</span> <span class='ocrx_word' id='word_1_461' title='bbox 1269 4691 1482 4777; x_wconf 83' lang='grc' dir='ltr'>μαχόμενος</span> <span class='ocrx_word' id='word_1_462' title='bbox 1506 4693 1677 4780; x_wconf 76' lang='grc' dir='ltr'>αὐτοχειρία</span> <span class='ocrx_word' id='word_1_463' title='bbox 1710 4695 1843 4757; x_wconf 83' lang='grc' dir='ltr'>κτείνει</span> <span class='ocrx_word' id='word_1_464' title='bbox 1881 4691 1939 4755; x_wconf 77' lang='grc' dir='ltr'>καὶ</span> <span class='ocrx_word' id='word_1_465' title='bbox 1977 4691 2018 4754; x_wconf 82' lang='grc' dir='ltr'>τὰ</span> <span class='ocrx_word' id='word_1_466' title='bbox 2058 4690 2147 4754; x_wconf 83' lang='grc' dir='ltr'>ὅπλα</span> 
     </span>
     <span class='ocr_line' id='line_1_40' title="bbox 334 4797 1500 4883; baseline 0 -20"><span class='ocrx_word' id='word_1_467' title='bbox 334 4803 371 4863; x_wconf 89' lang='lat' dir='ltr'>et</span> <span class='ocrx_word' id='word_1_468' title='bbox 391 4797 552 4882; x_wconf 92' lang='lat' dir='ltr'>spoliat,</span> <span class='ocrx_word' id='word_1_469' title='bbox 574 4798 656 4866; x_wconf 90' lang='lat' dir='ltr'>duce</span> <span class='ocrx_word' id='word_1_470' title='bbox 674 4799 811 4864; x_wconf 82' lang='lat' dir='ltr'>hostium</span> <span class='ocrx_word' id='word_1_471' title='bbox 823 4797 930 4864; x_wconf 90' lang='lat' dir='ltr'>occiso</span> <span class='ocrx_word' id='word_1_472' title='bbox 947 4800 1075 4864; x_wconf 90' lang='lat' dir='ltr'>urbem</span> <span class='ocrx_word' id='word_1_473' title='bbox 1092 4799 1212 4883; x_wconf 89' lang='lat' dir='ltr'>primo</span> <span class='ocrx_word' id='word_1_474' title='bbox 1269 4799 1500 4882; x_wconf 63' lang='lat' dir='ltr'>&amp;perpetrem</span> 
     </span>
    </p>

    <p class='ocr_par' dir='ltr' id='par_1_8' title="bbox 333 4905 626 4989">
     <span class='ocr_line' id='line_1_41' title="bbox 333 4905 626 4989; baseline 0.007 -19"><span class='ocrx_word' id='word_1_475' title='bbox 333 4905 478 4989; x_wconf 89' lang='lat' dir='ltr'>impetu</span> <span class='ocrx_word' id='word_1_476' title='bbox 502 4905 626 4989; x_wconf 88' lang='lat' dir='ltr'>capit‘.</span> 
     </span>
    </p>
   </div>
   <div class='ocr_carea' id='block_1_8' title="bbox 335 5047 2150 5241">
    <p class='ocr_par' dir='ltr' id='par_1_9' title="bbox 335 5047 2150 5241">
     <span class='ocr_line' id='line_1_42' title="bbox 497 5047 2150 5133; baseline 0 -20"><span class='ocrx_word' id='word_1_477' title='bbox 497 5048 568 5114; x_wconf 86' lang='lat' dir='ltr'>Hae</span> <span class='ocrx_word' id='word_1_478' title='bbox 592 5047 676 5115; x_wconf 92' lang='lat' dir='ltr'>duae</span> <span class='ocrx_word' id='word_1_479' title='bbox 700 5047 935 5133; x_wconf 87' lang='lat' dir='ltr'>descriptiones</span> <span class='ocrx_word' id='word_1_480' title='bbox 959 5047 1034 5131; x_wconf 92' lang='lat' dir='ltr'>quin</span> <span class='ocrx_word' id='word_1_481' title='bbox 1059 5049 1163 5115; x_wconf 89' lang='lat' dir='ltr'>eidem</span> <span class='ocrx_word' id='word_1_482' title='bbox 1186 5048 1375 5115; x_wconf 88' lang='lat' dir='ltr'>reddendae</span> <span class='ocrx_word' id='word_1_483' title='bbox 1399 5049 1463 5114; x_wconf 93' lang='lat' dir='ltr'>sint</span> <span class='ocrx_word' id='word_1_484' title='bbox 1491 5051 1623 5132; x_wconf 90' lang='lat' dir='ltr'>auctori,</span> <span class='ocrx_word' id='word_1_485' title='bbox 1658 5057 1749 5115; x_wconf 86' lang='lat' dir='ltr'>extra</span> <span class='ocrx_word' id='word_1_486' title='bbox 1782 5071 1908 5115; x_wconf 91' lang='lat' dir='ltr'>omnem</span> <span class='ocrx_word' id='word_1_487' title='bbox 1941 5048 2150 5115; x_wconf 86' lang='lat' dir='ltr'>dubitationis</span> 
     </span>
     <span class='ocr_line' id='line_1_43' title="bbox 335 5154 2149 5241; baseline -0.001 -19"><span class='ocrx_word' id='word_1_488' title='bbox 335 5155 442 5222; x_wconf 87' lang='lat' dir='ltr'>aleam</span> <span class='ocrx_word' id='word_1_489' title='bbox 465 5155 604 5240; x_wconf 87' lang='lat' dir='ltr'>positum</span> <span class='ocrx_word' id='word_1_490' title='bbox 628 5162 713 5240; x_wconf 89' lang='lat' dir='ltr'>puto.</span> <span class='ocrx_word' id='word_1_491' title='bbox 761 5154 874 5221; x_wconf 91' lang='lat' dir='ltr'>Denuo</span> <span class='ocrx_word' id='word_1_492' title='bbox 899 5163 1006 5222; x_wconf 91' lang='lat' dir='ltr'>autem</span> <span class='ocrx_word' id='word_1_493' title='bbox 1030 5157 1148 5222; x_wconf 89' lang='lat' dir='ltr'>sentire</span> <span class='ocrx_word' id='word_1_494' title='bbox 1173 5156 1247 5222; x_wconf 89' lang='lat' dir='ltr'>mihi</span> <span class='ocrx_word' id='word_1_495' title='bbox 1272 5155 1386 5222; x_wconf 90' lang='lat' dir='ltr'>videor</span> <span class='ocrx_word' id='word_1_496' title='bbox 1400 5157 1509 5223; x_wconf 87' lang='lat' dir='ltr'>nobile</span> <span class='ocrx_word' id='word_1_497' title='bbox 1526 5156 1604 5222; x_wconf 92' lang='lat' dir='ltr'>illud</span> <span class='ocrx_word' id='word_1_498' title='bbox 1629 5157 1803 5241; x_wconf 88' lang='lat' dir='ltr'>exemplar,</span> <span class='ocrx_word' id='word_1_499' title='bbox 1829 5157 1949 5239; x_wconf 90' lang='lat' dir='ltr'>dequo</span> <span class='ocrx_word' id='word_1_500' title='bbox 1968 5155 2040 5220; x_wconf 92' lang='lat' dir='ltr'>vide</span> <span class='ocrx_word' id='word_1_501' title='bbox 2066 5175 2149 5238; x_wconf 90' lang='lat' dir='ltr'>quae</span> 
     </span>
    </p>
   </div>
   <div class='ocr_carea' id='block_1_9' title="bbox 0 0 2481 5972">
    <p class='ocr_par' dir='ltr' id='par_1_10' title="bbox 0 0 2481 5972">
     <span class='ocr_line' id='line_1_44' title="bbox 0 0 2481 5972; baseline 0 0"><span class='ocrx_word' id='word_1_502' title='bbox 0 0 2481 5972; x_wconf 95' lang='lat' dir='ltr'> </span> 
     </span>
    </p>
   </div>
  </div>
 </body>
</html>
