4930 5978
474 729 575 812 Quem
601 735 798 819 scopulum1)
822 734 1089 819 praetervecturis
1110 736 1230 819 prImus
1249 735 1469 819 inspiciendus
1489 743 1539 800 est
1559 736 1690 802 Servius
1718 737 1796 802 Aen.
1817 738 1854 801 V.
1877 741 1957 803 560:
1984 739 2134 824 ,Tertiam

316 839 396 925 (scil.
419 847 546 926 partem
569 841 681 927 populi
705 841 854 921 Romani)
877 841 1046 922 Lucerum,
1070 863 1202 926 quornm
1226 841 1401 910 secundum
1426 843 1553 908 Livium
1577 850 1609 909 et
1632 864 1750 910 nomen
1774 852 1806 910 et
1830 864 1930 910 eausa
1954 846 1986 910 in
2011 849 2134 916 occulto

315 956 397 1015 sunl.
444 949 564 1016 Varro
589 955 696 1014 tamen
722 947 800 1015 dicit
823 949 989 1015 Romulum
1014 949 1220 1017 dimicantem
1249 957 1361 1017 conha
1390 950 1496 1016 Titum
1526 951 1654 1017 Tatium
1686 951 2030 1039 aLnoumonihus‚
2064 955 2135 1023 hoc

314 1063 374 1122 est
396 1057 551 1142 Tuscis,
585 1056 708 1123 auxilia
730 1057 924 1141 postulasse.
978 1057 1073 1124 Unde
1106 1058 1237 1142 quidam
1266 1058 1353 1125 venit
1382 1079 1453 1125 cum
1483 1058 1642 1125 exercitu:
1681 1059 1742 1142 cni,
1772 1068 1902 1144 recepto
1933 1060 1999 1126 iam
2029 1063 2134 1149 Tatio,

315 1185 392 1249 pars
416 1165 503 1230 urhis
535 1170 585 1231 est
608 1163 701 1230 data:
725 1185 747 1229 a
771 1184 833 1248 que
857 1165 890 1230 in
915 1166 993 1232 urbe
1021 1166 1145 1233 Tuscus
1176 1165 1280 1232 dictus
1310 1173 1359 1232 est
1389 1165 1479 1232 viem
1504 1217 1511 1231 .
1538 1217 1545 1230 .
1572 1216 1579 1231 .
1610 1166 1697 1251 Ergo
1728 1188 1748 1232 a
1776 1167 1963 1234 Lucumone
1992 1168 2134 1238 Luceres

314 1271 391 1338 dicti
423 1273 550 1358 sunt'.²)
614 1270 685 1349 Quo
719 1292 761 1337 ex
793 1272 865 1338 loco
898 1272 975 1338 mihi
1009 1273 1139 1356 quidem
1172 1273 1372 1340 dubitatione
1405 1281 1588 1359 exemptum
1620 1272 1748 1340 videtur
1781 1275 1856 1358 quin
1895 1276 2000 1360 possit
2038 1277 2133 1363 effici,

316 1379 519 1445 Lucumones
551 1398 616 1445 non
644 1378 746 1445 selum
775 1378 875 1445 luisse
899 1379 1071 1465 ‚principes
1099 1381 1244 1467 Tuscos,
1269 1382 1495 1449 verumetiam
1515 1383 1797 1467 ‚totumpopulum
1824 1384 1972 1449 Tuscum'
1995 1385 2135 1469 indeque

315 1487 443 1554 tert-iam
458 1487 575 1554 tribum
592 1488 771 1554 Romanam
787 1507 904 1553 nomeu
920 1487 1056 1572 cepisse.
1100 1488 1199 1555 Dices
1210 1489 1363 1574 ¹cogitare
1383 1489 1529 1556 Servium
1549 1488 1590 1556 de
1610 1489 1872 1574 compluribus
1891 1491 2134 1576 principibus

317 1595 502 1678 Tuscorum,
527 1595 648 1680 etipse
668 1614 794 1679 quoque
813 1615 906 1661 meae
926 1595 1105 1661 sententiae
1125 1615 1223 1680 posse
1243 1595 1346 1662 diffidi
1367 1595 1546 1681 confiterer,
1570 1597 1633 1662 nisi
1657 1603 1744 1663 esset
1765 1596 1855 1664 locus
1876 1597 1968 1664 Pauli
1984 1599 2132 1674 Diaconi.

319 1702 373 1786 qui
396 1710 428 1768 et
451 1703 494 1770 ad
514 1702 700 1769 honorem
720 1702 959 1787 explanandam
980 1703 1111 1787 egregie
1130 1701 1260 1770 recitet
1280 1711 1331 1771 sat
1350 1704 1430 1771 lucis
1450 1703 1556 1770 adfert
1575 1703 1720 1770 formae
1739 1705 1981 1789 Propertianae.
2015 1707 2133 1774 Paulus

315 1810 400 1876 enim
435 1809 572 1877 eandem
606 1831 645 1877 ac
678 1810 809 1876 Servius
841 1809 950 1896 prodit
982 1809 1170 1895 doctrinam,
1208 1811 1269 1877 nisi
1303 1812 1390 1896 quod
1421 1832 1479 1896 pro
1513 1813 1737 1896 ‚Lucumones‘
1772 1812 1902 1878 exhibet
1935 1813 2134 1898 ,Lucomedi‘

316 1939 346 2004 p.
369 1921 432 1984 120
454 1918 512 1984 Mc
538 1917 757 2002 ,Lucomedi
781 1940 802 1984 a
826 1917 907 1984 duee
931 1938 989 1985 suo
1013 1918 1156 1984 Lueomo
1181 1918 1268 2004 dicti,
1294 1919 1347 2004 qui
1370 1927 1486 2004 postea
1504 1919 1684 1985 Lucereses
1703 1919 1859 2005 appellati
1877 1923 1971 1986 sunt‘.
2006 1921 2133 2007 Optime

316 2024 410 2091 ordo:
433 2025 963 2092 Lucomo-Lucomedi·Lucereses
982 2024 1179 2110 respondere
1194 2025 1322 2095 videtur
1338 2027 1441 2093 ordini
1459 2026 1658 2093 Varroniano
1675 2025 1777 2112 (apud
1788 2027 1960 2114 Servium):
1977 2029 2132 2095 Lucumo-

318 2133 522 2200 Lueumones
537 2139 593 2214 (=
609 2131 888 2220 ‘Ihscil-Luceres.
927 2133 1050 2210 Quibus
1070 2133 1164 2199 nohis
1187 2134 1279 2200 Pauli
1303 2141 1335 2200 et
1358 2133 1462 2200 Servii
1485 2134 1566 2200 locis
1589 2134 1673 2200 nixis
1696 2133 1773 2200 licet
1788 2135 2031 2220 PropertIanum
2053 2137 2133 2202 illud

320 2239 560 2327 ,Lycomedius‘
584 2240 630 2306 ita
653 2240 867 2326 interpretari,
892 2247 926 2306 ut
949 2240 990 2306 sit
1013 2240 1176 2324 siugulare
1200 2241 1286 2326 quod
1309 2247 1493 2326 nuncupant
1512 2241 1713 2308 collectivum
1733 2247 1766 2308 et
1785 2249 1889 2308 exstet
1906 2261 1964 2326 pro
1985 2245 2133 2328 ,populus

313 2349 490 2429 Tuscus‘u.

476 2455 554 2542 Sed,
589 2463 656 2521 utut
689 2456 772 2522 haec
804 2476 856 2522 res
890 2455 1058 2542 sehabet,
1092 2456 1161 2522 sive
1193 2456 1277 2522 hane
1310 2456 1379 2522 sive
1411 2455 1577 2544 praeferes
1609 2457 1697 2522 illam
1730 2457 2037 2545 interpretationem,
2070 2480 2133 2544 qua

317 2564 556 2650 ,Lycomedius‘
585 2564 724 2629 titulus
757 2562 966 2648 acciplendus
995 2571 1045 2630 est
1074 2565 1159 2630 illins
1190 2565 1286 2630 Tusci
1316 2563 1417 2650 ducis,
1449 2564 1538 2631 cuius
1566 2585 1701 2632 nomen
1731 2564 1790 2631 fuir
1814 2565 1944 2632 Caelius
1968 2567 2131 2637 Vibenna:

314 2670 466 2737 minime
482 2671 514 2736 in
535 2671 596 2737 hac
614 2691 649 2737 re
666 2670 851 2755 Propertius
865 2670 930 2736 dici
943 2678 1051 2756 potest
1070 2672 1171 2738 obniti
1186 2673 1331 2757 Varroni,
1356 2678 1389 2738 et
1414 2671 1500 2757 quod
1523 2671 1653 2739 disserit
1675 2673 1818 2739 Cauerus
1839 2673 1880 2740 de
1899 2676 2131 2762 patronymico,

316 2777 402 2862 quod
426 2779 586 2863 significet
617 2778 728 2860 ,filium
756 2777 973 2863 Lycomedis’,
1005 2779 1110 2862 deque
1141 2779 1302 2864 Graeco,
1333 2779 1386 2864 qui
1414 2778 1490 2846 idco
1520 2780 1589 2846 veri
1620 2780 1662 2845 sit
1690 2779 1813 2865 similis,
1844 2781 2002 2866 Propertii
2032 2782 2130 2870 sonte,

315 2887 427 2971 procul
452 2885 659 2954 abiciendum
682 2886 760 2951 mihi
782 2885 918 2951 videtur.
965 2886 1016 2950 Ex
1039 2885 1162 2953 ferma
1186 2895 1295 2953 autem
1313 2887 1383 2954 sola
1402 2888 1552 2954 vocabuli
1570 2888 1599 2954 si
1619 2887 1689 2972 quis
1709 2888 1924 2974 suspicionem
1944 2889 1985 2956 de
2005 2890 2129 2958 Graece

312 2994 401 3061 fonte
428 2994 584 3078 excitarit,
610 3014 682 3060 eum
706 2993 750 3059 ad
772 2992 979 3059 Knaackium
1001 2994 1110 3080 reicio,
1135 2997 1189 3078 qui
1213 2996 1296 3062 hene
1319 2995 1350 3078 (l.
1370 2997 1392 3061 l.
1409 3017 1440 3082 p.
1457 2998 1549 3077 400);
1578 2996 1667 3082 ¹,Ihm
1690 2996 1731 3062 ist
1756 2996 1847 3062 diese
1871 2997 2129 3081 graeeisierende

316 3100 515 3185 Umbildung
538 3101 624 3167 wohl
648 3107 850 3181 zncutranen,
883 3100 966 3168 ohne
995 3101 1068 3168 dale
1097 3103 1156 3169 wir
1184 3105 1278 3170 elnon
1306 3102 1529 3188 griechischen
1557 3104 1679 3170 Pocten
1707 3124 1745 3169 zu
1773 3103 1932 3170 bemi'rhen
1956 3106 2129 3174 brauehem

314 3207 412 3276 durch
436 3209 554 3275 descen
580 3209 790 3292 Vermittlung
813 3208 952 3294 Propera
977 3209 1029 3276 die
1054 3209 1142 3293 Saga
1167 3211 1313 3278 erhalten
1335 3209 1493 3298 hertam)
1527 3211 1643 3278 Nonne
1661 3231 1738 3277 vero
1756 3231 1774 3278 e
1790 3218 1893 3278 semet
1909 3212 1980 3296 ipso
2000 3221 2128 3297 poetam

312 3317 445 3385 finxisse
470 3315 607 3383 formam
631 3315 869 3402 ,Lycomedius‘
895 3337 1028 3385 censere
1051 3319 1123 3386 loco
1144 3340 1162 3385 e
1181 3319 1282 3386 Paulo
1302 3318 1402 3384 allato
1426 3319 1625 3400 vetamur⁵)?

472 3423 588 3489 Totum
620 3423 717 3507 igitur
746 3423 870 3489 versari
900 3430 1042 3491 nostrum
1073 3426 1106 3490 in
1135 3426 1287 3493 Varronis
1316 3424 1358 3492 de
1387 3425 1574 3493 Lucumone
1604 3426 1815 3510 persuasione
1847 3425 1996 3508 vidimus,
2030 3428 2127 3514 idque

316 3530 477 3598 affirmare
501 3551 540 3596 ee
561 3529 677 3597 certius
696 3549 877 3616 possumus,
911 3531 997 3615 quod
1015 3533 1048 3598 in
1077 3533 1247 3602 statuendo
1276 3541 1463 3618 tempore,
1497 3553 1559 3618 quo
1589 3535 1643 3601 ille
1673 3531 1739 3600 dux
1768 3534 1943 3601 Tuscorum
1974 3537 2127 3604 Romanis

318 3638 438 3705 anxilio
471 3638 604 3722 venerit,
638 3638 812 3704 maximam
844 3638 926 3705 inter
956 3648 1082 3707 veteres
1110 3641 1283 3726 scriptores
1316 3662 1389 3708 esse
1423 3641 1658 3708 dissensionem
1689 3642 1787 3707 scitur
1796 3646 1828 3721 ⁶).
1882 3643 1932 3708 De
1965 3649 2034 3710 tota
2066 3643 2129 3712 hac

313 3746 502 3831 quaestione
525 3746 699 3813 novissime
724 3746 758 3810 F.
782 3746 914 3814 M‘dnzer
936 3748 970 3814 in
992 3748 1074 3815 blus.
1098 3749 1243 3817 Rhenan.
1267 3758 1341 3818 tom.
1363 3749 1440 3814 LIII
1464 3747 1587 3834 (1898),
1612 3769 1644 3833 p.
1666 3752 1731 3814 596
1763 3770 1832 3833 sqq.
1851 3749 1930 3816 scite
1951 3751 2128 3836 disputavit

315 3861 347 3921 et
369 3854 571 3940 Propertium
596 3859 740 3920 nostrum
763 3853 795 3919 in
818 3855 881 3920 hae
905 3875 1031 3939 quoque
1061 3876 1097 3923 re
1128 3857 1311 3923 Varronis
1341 3856 1504 3942 propriam
1533 3855 1792 3940 peculiaremque
1823 3856 2006 3942 opinionem
2036 3860 2128 3944 sequi

311 3961 496 4031 observavit
521 3970 565 4049 (p.
591 3963 676 4040 604).

470 4143 491 4214 ¹)
521 4143 548 4198 Si
568 4144 610 4198 eni
629 4145 735 4200 videtur
762 4143 900 4214 scopulus3
924 4143 1177 4199 commentatorihus
1200 4142 1390 4212 PropertianiS,
1415 4142 1478 4211 quin
1504 4141 1575 4195 idem
1604 4141 1725 4196 valerent
1752 4142 1819 4197 haee
1847 4142 1962 4210 nomina,
1991 4142 2065 4197 nulla
2086 4146 2128 4198 est

312 4247 437 4300 umquam
456 4233 484 4286 in
502 4234 665 4290 dubitatione
684 4237 829 4290 versatum.

476 4339 499 4410 ¹)
526 4342 561 4396 cl.
581 4341 659 4396 Varr.
678 4344 712 4397 de
731 4341 747 4395 l.
767 4341 785 4396 l.
804 4341 838 4398 V.
858 4347 907 4397 bb:
927 4343 1009 4411 ,Ager
1020 4341 1155 4396 Romanus
1167 4341 1281 4409 primum
1294 4340 1394 4394 divisus
1408 4341 1436 4393 in
1448 4339 1531 4408 partis
1545 4339 1601 4405 his,
1621 4355 1637 4392 a
1654 4354 1705 4407 quo
1724 4338 1809 4392 tribus
1821 4338 1953 4408 appellata
1963 4339 2126 4408 Titiensium,

317 4429 469 4498 Romulum,
497 4431 639 4487 Lucerum.
676 4432 820 4499 Nominati,
850 4435 879 4485 ut
898 4433 935 4486 ait
958 4431 1068 4499 Ennius,
1087 4431 1217 4488 Titienses
1246 4429 1278 4486 ab
1297 4430 1378 4496 Tatio,
1405 4429 1572 4485 Ramnenses
1591 4427 1624 4482 ab
1646 4427 1766 4492 Romulo,
1794 4429 1945 4495 Luceres,
1973 4431 2005 4483 nt
2025 4429 2126 4497 Iunius,

312 4517 351 4572 ab
370 4519 574 4574 Lucumone!
612 4521 647 4574 cf.
667 4521 720 4577 Cio.
741 4522 808 4590 Rep.
827 4521 863 4588 II,
883 4525 908 4589 8,
931 4526 979 4576 tte

473 4616 495 4688 ¹)
523 4618 559 4672 cl.
578 4617 729 4686 Rcthstein‚
751 4620 791 4674 ed.
811 4621 875 4674 torm
894 4619 931 4688 II,
951 4637 976 4689 p.
997 4623 1059 4675 200.

471 4718 493 4784 ⁴)
522 4716 563 4771 De
588 4717 727 4784 Propertio
746 4718 926 4787 graecissante
953 4720 980 4771 et
998 4719 1114 4773 Graecas
1139 4720 1240 4773 termas
1263 4727 1372 4788 propter
1399 4717 1580 4772 iucundiorem
1606 4717 1806 4788 plenioremque
1831 4715 1934 4770 illarum
1961 4715 2078 4774 sonitum
2099 4718 2127 4770 et

314 4805 393 4857 metri
416 4821 496 4860 causa
513 4821 643 4875 persaepe
663 4807 835 4875 praeferente
854 4808 889 4863 cf.
909 4807 989 4862 etiam
1008 4807 1166 4877 Herlzberg.
1204 4807 1312 4875 Quaest.
1331 4809 1463 4876 Pmpertt.
1501 4825 1525 4876 p.
1548 4811 1606 4862 16³.

472 4904 495 4974 ⁸)
520 4903 645 4959 Fortasse
668 4905 797 4959 denotare
820 4903 904 4958 voluit
927 4905 1026 4960 Sextus
1049 4907 1130 4974 (sient
1148 4923 1172 4959 v.
1192 4910 1235 4960 29.
1255 4907 1333 4975 primi
1357 4905 1493 4977 carminis)
1518 4921 1548 4960 se
1576 4921 1668 4960 eorum
1693 4905 1767 4974 gregi
1792 4905 1964 4960 inserendum
1988 4923 2056 4973 esse,
2082 4906 2126 4974 qni

312 4991 410 5046 Tuscos
439 4992 622 5063 Semigraeeos
652 4999 679 5048 et
697 4994 783 5064 Lydia
800 4995 924 5049 emundes
943 4999 1094 5050 censerent.
1131 4997 1215 5050 Recte
1234 4997 1315 5066 igitur
1328 4995 1519 5066 Hertzbergius
1538 4996 1570 5050 ad
1589 5011 1614 5049 v.
1635 4999 1677 5062 51,
1696 4995 1814 5063 quicum
1833 4994 1936 5063 Scoppa
1963 4998 1990 5050 et
2005 4993 2126 5049 Ihmebo

312 5082 509 5149 ,Lucumonius‘
529 5099 576 5150 pro
596 5084 789 5153 ,Lycomedius
809 5084 998 5153 reposuissent,
1018 5085 1188 5155 Propertium
1207 5085 1313 5155 egregia
1330 5084 1467 5139 doctrinae
1485 5083 1563 5139 laude
1582 5083 1721 5138 naudmse
1741 5085 1857 5138 annotat.

471 5179 494 5256 ⁸)
514 5182 548 5236 cf.
564 5185 672 5250 praeter
689 5182 716 5236 ll.
737 5182 763 5239 ll.
779 5181 853 5238 Paul.
872 5183 947 5240 Diae.
961 5200 986 5252 p.
1006 5188 1040 5239 44
1061 5185 1088 5238 et
1110 5184 1220 5251 11qu
1248 5183 1329 5242 Tacit.
1348 5185 1420 5242 dnn.
1441 5183 1490 5252 IV,
1519 5186 1566 5254 653
1593 5181 1664 5240 uest.
1684 5199 1709 5254 p.
1729 5187 1783 5238 355
1798 5182 1848 5252 II.;
1867 5181 1959 5239 Claud.
1978 5181 2125 5251 Imporat.

311 5271 339 5324 iu
357 5271 418 5326 Tab.
438 5273 520 5345 Lugd.
541 5271 662 5329 column.
681 5272 704 5340 I,
726 5277 759 5328 18
778 5287 834 5342 sqq.

1911 5361 1943 5421 φ
