4930 5978
1139 443 1298 542 A*

470 655 659 720 hlutatum
682 674 758 719 vero
783 652 927 718 Euandri
951 653 1123 738 hospitium
1148 675 1219 720 cum
1243 653 1321 721 Caci
1345 675 1366 717 a
1389 650 1566 737 Propertio,
1596 650 1926 735 repugnantibus
1957 651 2123 734 reliquis

308 762 600 846 scriptoribus,
625 781 705 828 cave
730 759 945 827 concedamus
968 761 1120 845 Tnerkio,
1145 761 1264 846 quippe
1288 781 1359 826 oum
1388 766 1482 824 ante
1507 758 1586 824 Oaci
1608 778 1719 824 necem
1745 759 1891 824 Herculis
1914 758 2121 842 Euandrique

308 869 483 955 hospitium
513 874 821 934 commemoraturs
845 868 964 932 nullo.
1010 869 1053 932 Et
1084 867 1344 952 quandoquidem
1376 865 1463 950 apud
1495 873 1637 931 nostrum
1661 866 1815 931 Hercules
1848 865 1973 931 exsistit
2002 866 2121 950 hospes

306 977 394 1062 (laci,
421 976 461 1043 de
485 977 621 1042 altero
647 973 786 1060 hospitio
811 974 968 1059 cogitetur
992 995 1126 1040 necesse
1151 984 1211 1054 est,
1236 955 1402 1058 eleganter
1425 994 1475 1039 me
1500 972 1628 1057 quidem
1652 972 1757 1038 indice
1782 994 1802 1039 a
1825 979 1924 1058 poeta
1947 972 2031 1056 ficto,
2058 993 2122 1056 quo

303 1085 389 1150 illius
407 1081 626 1149 semihominis
645 1082 750 1147 scelus
771 1081 949 1164 lurtumque
967 1081 1083 1146 reddat
1098 1082 1329 1160 detestabilius.
1367 1081 1428 1146 Vix
1445 1081 1616 1165 quiequam
1631 1101 1732 1146 ansae
1749 1080 1827 1146 dare
1842 1079 2121 1164 potestDiodorrrs

272 1223 275 1229 ¹
305 1191 432 1257 Siculus
456 1189 510 1273 IV,
549 1193 602 1274 21,
621 1192 657 1254 2:
696 1185 847 1264 ,Κάκιος
885 1189 934 1251 καὶ
968 1187 1102 1274 Πινάριος
1133 1189 1267 1259 ἐδέξαντο
1303 1191 1353 1252 τὸν
1385 1186 1533 1273 Ἡρακλέα
1565 1188 1667 1258 ξενίοις
1699 1187 1860 1270 ἀξιολόγοις
1901 1189 1950 1251 καὶ
1993 1190 2122 1272 δωρεαῖς

306 1297 535 1384 κεχαρισμέναις
559 1297 721 1380 ἐτίμησαν,
755 1316 850 1378 quem
873 1296 977 1361 locum
1001 1296 1181 1362 intricatum
1206 1303 1238 1361 et
1260 1295 1467 1378 inconditum,
1492 1315 1701 1378 quemnemo
1726 1314 1825 1360 sanus
1849 1294 1882 1359 in
1906 1293 2121 1359 testimonium

306 1405 473 1489 adhibeat,
498 1423 556 1470 suo
581 1403 649 1469 iure
672 1403 818 1486 increpat
841 1403 1059 1468 Rothsteinios
1088 1401 1151 1486 (ed.
1176 1410 1248 1469 tom.
1273 1403 1315 1487 ll,
1339 1423 1371 1487 p.
1396 1405 1512 1483 29ll¹l
1560 1401 1682 1480 Quibus
1712 1401 1858 1467 omnibus
1882 1401 1977 1468 rebus
2001 1400 2120 1484 ponde-

305 1512 384 1579 ratis
407 1511 630 1595 intellegemus
654 1509 782 1576 minime
806 1509 1042 1593 respiciendum
1061 1510 1160 1576 luisse
1179 1517 1296 1595 poetae
1314 1509 1501 1575 Euandrum
1525 1517 1566 1594 et,
1591 1508 1751 1593 quomodo
1781 1507 1863 1574 haec
1893 1508 2120 1591 ,commutatio,

305 1619 409 1706 possit
431 1619 585 1704 explicari
609 1618 720 1683 inutile
750 1637 823 1684 esse
852 1638 922 1683 eum
950 1617 1092 1683 Tuerlrio
1123 1623 1167 1701 (p.
1193 1620 1248 1696 39)
1276 1637 1445 1701 quaerere,
1481 1617 1670 1701 praesertim
1703 1635 1775 1682 eum
1805 1616 1944 1698 ingenue
1975 1615 2046 1699 ipse
2073 1615 2121 1680 vir

306 1727 419 1794 doctus
453 1725 715 1809 interpretatione
744 1745 765 1789 a
793 1745 829 1790 se
857 1730 982 1790 tentata
1012 1725 1130 1790 nodum
1163 1745 1227 1790 non
1255 1723 1401 1808 expediri
1429 1723 1461 1789 in
1495 1723 1643 1789 confesso
1678 1723 1726 1788 sit.
1772 1724 1820 1788 Αο
1853 1722 1940 1806 quod
1973 1721 2122 1806 opinatur

305 1833 465 1899 'Fuerkins
488 1831 576 1917 apud
599 1830 809 1915 Propertium,
838 1831 952 1898 iterum
974 1831 1178 1898 recedentem
1202 1832 1244 1896 ab
1270 1831 1416 1897 omnibus
1441 1831 1571 1914 reliquis
1595 1830 1803 1914 scriptoribus
1827 1851 1845 1896 e
1873 1829 2013 1894 Vonone
2044 1849 2120 1913 pen-

305 1940 464 2023 dentibus,
497 1942 584 2004 Arae
608 1937 770 2004 Maximae
795 1938 1070 2004 consecrationem
1094 1958 1170 2003 non
1202 1959 1335 2004 manare
1359 1959 1377 2004 e
1401 1939 1478 2004 Caci
1512 1937 1625 2022 caede,
1660 1937 1789 2002 diluitur
1821 1936 1968 2021 idipsis
2001 1942 2119 2020 poetae

306 2047 413 2112 verbis
435 2069 465 2114 v.
491 2050 533 2111 67
544 2066 609 2129 sq.:

724 2151 876 2236 ,Maxima
900 2172 984 2235 quae
1008 2152 1202 2236 gregibus
1227 2153 1346 2218 devota
1370 2161 1419 2218 est
1443 2173 1500 2218 ara
1524 2151 1723 2236 repertis,

721 2261 787 2325 Ara
810 2280 868 2343 per
891 2259 961 2344 has,
986 2259 1096 2342 inquit,
1121 2259 1262 2324 maxima
1285 2258 1373 2324 facta
1396 2261 1531 2324 manus‘

464 2385 587 2462 Quibus
617 2384 764 2450 versibus
789 2383 928 2450 dilucide
959 2385 1115 2450 Hercules
1147 2383 1217 2467 ipse
1247 2383 1392 2449 declarat
1427 2361 1462 2449 se
1485 2385 1584 2448 Aram
1615 2382 1790 2448 Maximam
1814 2381 1996 2465 dedicasse,
2035 2402 2119 2447 cum

302 2498 588 2576 recuperasset
610 2493 741 2556 boves
765 2490 786 2556 i.
812 2511 838 2556 e.
862 2497 936 2574 post
960 2490 1038 2557 Caci
1062 2490 1237 2568 caedem.²)

461 2599 531 2664 lam
568 2597 647 2662 nihil
693 2617 766 2664 esse
808 2595 948 2680 videtur,
990 2597 1077 2680 quod
1114 2595 1250 2681 efficiat,
1302 2618 1343 2664 ne
1383 2597 1596 2681 Propertium,
1641 2596 1769 2681 poetica
1812 2596 1956 2661 nimirum
2008 2594 2118 2661 ubiubi

246 2773 255 2789 ,
302 2705 534 2771 admiscentem
556 2704 733 2788 pigmenta,
767 2703 799 2768 in
821 2723 906 2770 nono
932 2724 1057 2787 quoque
1088 2703 1228 2796 carmine
1254 2704 1492 2788 -Vergilium
1520 2723 1647 2787 semper
1675 2703 1898 2788 excipiendum
1927 2704 1992 2768 iam
2021 2722 2118 2786 supra

303 2811 440 2878 diximus
467 2849 504 2858 -
533 2810 598 2876 uni
621 2811 744 2876 auctori
769 2811 988 2896 obtrudamus,
1013 2811 1189 2877 Varroni.

1049 2993 1096 2998 -.-
1123 2994 1141 2999 ..
1148 2994 1243 3000 --..-
1251 2993 1366 3000 -.—-—.

463 3132 610 3200 Docimo
634 3132 786 3212 carmine,
815 3132 901 3196 unde
932 3131 1113 3214 ,Feretrius‘
1139 3131 1363 3197 denominatus
1387 3133 1428 3198 sit
1452 3132 1594 3217 luppiter
1617 3140 1649 3198 et
1672 3132 1724 3215 qui
1749 3131 1885 3197 Romani
1909 3131 2118 3214 imperatores

302 3239 410 3324 opima
434 3239 539 3323 spolia
562 3245 727 3323 reportata
751 3238 782 3302 in
809 3239 894 3303 lovis
918 3238 1052 3304 Feretrii
1073 3239 1194 3323 templo
1218 3239 1391 3324 posuerint,
1417 3240 1594 3322 explicatur
1618 3261 1638 3305 a
1660 3238 1837 3323 Propertio.

463 3346 558 3412 Clare
582 3352 677 3411 sonat
701 3345 887 3428 Varronem,
922 3365 1016 3428 quem
1039 3345 1071 3410 in
1106 3345 1377 3430 ,Antiquitatibus
1412 3353 1540 3430 praeter
1572 3352 1696 3413 eeteros
1729 3347 1761 3410 in
1789 3345 1869 3411 fines
1901 3342 2117 3430 etymologiae

303 3451 483 3518 excurrisse
506 3451 539 3517 in
563 3459 676 3537 aperto
701 3459 750 3518 est
773 3453 817 3537 (ν.
842 3451 974 3517 Ritsohl.
1000 3472 1109 3536 opusc.
1133 3452 1191 3536 ΙΙΙ,
1216 3456 1303 3536 363),
1328 3452 1406 3519 ihnd
1429 3453 1648 3538 veriloquium,
1672 3473 1734 3537 quo
1759 3453 1791 3517 in
1816 3452 1964 3518 carminis
1987 3470 2118 3534 perora·

303 3559 390 3626 tione
414 3558 455 3624 de
480 3559 604 3643 origine
629 3559 829 3643 cognominis
853 3559 987 3624 Feretrii
1011 3559 1093 3625 haec
1117 3559 1215 3625 habet
1237 3565 1350 3644 poeta:

726 3667 831 3750 ,Nunc
853 3666 959 3750 spolia
981 3665 1015 3731 in
1037 3667 1156 3751 templo
1179 3667 1241 3732 tria
1264 3666 1410 3733 condita:
1434 3687 1535 3733 causa
1557 3666 1689 3751 Feretri,

729 3771 843 3839 Omine
867 3771 954 3855 qood
978 3778 1065 3838 certo
1089 3772 1154 3837 dux
1177 3771 1271 3839 ierit
1295 3794 1387 3840 ense
1411 3773 1539 3840 ducem:

729 3879 804 3963 Seu,
829 3879 907 3963 quia
929 3879 1014 3945 victo
1038 3879 1104 3946 suis
1127 3879 1245 3946 umeris
1269 3879 1352 3946 haec
1375 3901 1478 3946 arma
1501 3879 1697 3964 ferebant,

727 3985 810 4051 Hinc
833 3985 957 4051 Feretri
980 3984 1069 4052 dicta
1092 3993 1143 4053 est
1164 4007 1224 4053 ara
1246 3989 1386 4071 superba
1411 3987 1514 4053 lovis‘

459 4095 523 4157 Aut
547 4112 565 4158 e
588 4091 687 4160 verbo
713 4091 870 4176 ,feriendi‘
895 4093 915 4158 i.
934 4112 960 4159 e.
988 4093 1147 4160 caedendi
1171 4100 1227 4160 aut
1250 4115 1267 4159 e
1291 4095 1390 4160 verbo
1416 4092 1571 4179 ,ferendi‘,
1603 4093 1679 4177 quia
1704 4093 1806 4159 victor
1831 4098 1901 4159 erat
1924 4097 2119 4178 τροταιοῦχος

305 4199 375 4265 slve
399 4198 584 4282 σκυλοφόρυς
605 4199 657 4281 (ci.
674 4199 770 4266 Dion.
787 4199 861 4264 Hal.
879 4201 920 4283 ll,
937 4203 1003 4282 34),
1028 4199 1181 4284 originem
1198 4201 1329 4268 duxisse
1349 4201 1427 4266 illud
1447 4221 1626 4285 cognomen
1649 4205 1785 4266 testatur
1807 4198 1904 4265 etiam
1928 4197 2116 4264 Plutarchus

299 4305 375 4387 (vit.
400 4305 544 4371 Marcelli
565 4308 611 4385 8):
641 4303 794 4383 ,Καλεῖτοι
818 4305 865 4371 δ’ὁ
890 4308 942 4391 μὲν
965 4308 1045 4385 θεὸς,
1071 4305 1096 4392 ᾧ
1119 4307 1274 4394 πέμπεται,
1303 4307 1458 4394 Φερέτριος
1482 4307 1566 4382 Ζευς,
1598 4311 1638 4377 ὡς
1662 4308 1714 4391 μὲν
1738 4303 1810 4370 ἔνιοί
1831 4327 1930 4391 φασιν,
1966 4306 2025 4369 ἀπὸ
2065 4310 2116 4368 τοῦ

302 4411 615 4499 φερετρευομένου
639 4414 809 4498 τροπαίου
833 4415 910 4478 κατὰ
932 4415 982 4498 τὴν
1002 4411 1161 4498 Ἑλληνῶα
1181 4418 1326 4497 γλῶσσαν,
1351 4413 1392 4478 ἔτι
1419 4416 1530 4499 πολλὴν
1560 4415 1626 4478 τότε
1653 4412 1894 4499 συμμεμιγμένην
1918 4413 2115 4496 aphorismo,

463 4607 484 4678 1)
513 4607 607 4674 ,Gaurus
626 4607 669 4661 hic
688 4608 778 4662 Potitii
797 4608 853 4662 loco
872 4609 1014 4664 inductus*
1051 4609 1145 4664 Turerlr.
1166 4626 1190 4678 p.
1210 4614 1253 4664 38.

459 4713 480 4781 ²)
508 4713 666 4784 Hertaberg.
686 4715 726 4769 ed.
746 4717 809 4770 torn.
828 4715 879 4782 Ill,
899 4733 923 4784 p.
943 4720 1010 4772 487:
1030 4717 1071 4783 ,V.
1092 4721 1138 4772 67:
1163 4717 1295 4787 ,gregibus
1313 4718 1410 4771 devota
1432 4717 1553 4784 repertis‘
1573 4732 1637 4771 eave
1660 4734 1695 4770 ne
1714 4733 1774 4770 cunr
1792 4716 1891 4770 laccho
1910 4733 1974 4783 ,pro
1992 4716 2115 4785 gregibus

303 4802 417 4870 repertis
437 4807 520 4856 vota‘
539 4804 732 4872 interpreteris.
760 4806 895 4870 Quomodo
914 4805 986 4858 eninr
999 4805 1130 4860 Hercules
1145 4806 1203 4872 sibi,
1223 4807 1297 4875 quasi
1311 4807 1388 4860 horno
1402 4807 1461 4872 deo,
1481 4822 1553 4860 aram
1567 4807 1719 4872 devoveret,
1739 4806 1756 4858 i.
1767 4822 1790 4859 e.
1801 4805 1851 4858 sibi
1866 4805 1923 4873 ipso
1937 4806 2113 4872 promitteret,

302 4892 324 4945 si
348 4892 518 4958 repperisset,
546 4893 740 4947 dedicandum?
778 4893 930 4948 Absurdum
954 4894 1003 4948 hoc
1023 4933 1028 4946 .
1050 4936 1055 4950 .
1078 4936 1109 4950 ..
1143 4899 1182 4949 Ac
1205 4913 1240 4949 ne
1265 4896 1375 4949 verbum
1400 4896 1506 4964 quidem
1530 4895 1769 4962 ,devoveri‘,r·ecte
1793 4894 1911 4961 haberet,
1936 4896 2003 4962 quod
2027 4895 2049 4947 si
2078 4895 2115 4960 ,in

301 4982 419 5036 futuram
439 4982 665 5035 consecrationem
694 4983 819 5050 promitti‘
848 4983 991 5052 significat,
1019 5000 1127 5054 semper
1154 4985 1333 5038 hostiarum
1355 4987 1403 5051 est,
1433 5002 1486 5038 nou
1511 4983 1663 5039 locorum.
1700 4983 1735 5036 Hi
1765 4983 1836 5036 enim
1862 4987 2035 5048 voventur,
2062 4999 2114 5035 non

300 5072 519 5125 devoventur.
556 5070 650 5138 Itaque
674 5073 802 5138 ,devotus‘
826 5072 877 5138 hie,
906 5075 936 5126 ut
961 5073 1075 5142 saepius,
1102 5074 1130 5126 in
1154 5074 1307 5128 universum
1336 5075 1387 5127 erit
1410 5075 1537 5141 dicatus,
1561 5073 1691 5128 ablativus
1718 5075 1807 5126 autern
1835 5073 1966 5142 ,gregibus
1993 5072 2113 5140 repertis‘

300 5177 353 5214 non
371 5161 486 5229 pretium
505 5175 655 5227 causamve,
675 5162 722 5214 sed
740 5165 871 5230 tempus
890 5164 993 5216 tantum
1012 5162 1186 5233 significabit:
1211 5165 1349 5232 postquam
1369 5164 1492 5233 repperi.⁴

1901 5251 1931 5305 3*
