4930 5978
1246 416 1288 478 22

1286 627 1430 711 ,desecta
1452 626 1600 693 Tolumni

884 735 1000 801 Cervix
1026 736 1187 802 Romanos
1212 736 1369 818 sanguine
1393 735 1472 800 lavit
1497 735 1609 818 equos‘

347 841 518 908 referenda
542 863 615 908 esse
639 842 683 907 ad
706 841 791 906 Livii
815 843 869 926 lV,
901 845 952 926 19,
978 847 1014 906 5:
1041 843 1208 926 ,exsangui
1233 842 1378 908 detracta
1402 842 1507 926 spolia
1530 847 1691 925 caputque
1719 841 1881 906 abscisum
1911 841 2011 906 victor
2039 841 2162 925 spiculo

347 969 463 1032 gerens
486 955 608 1015 terrore
632 949 720 1015 caesi
743 949 829 1032 regis
854 949 964 1015 hostes
997 949 1098 1015 fudit‘
1145 951 1261 1015 Parum
1285 949 1388 1016 videri
1421 948 1647 1031 similitudinis,
1681 968 1778 1032 quam
1811 957 1845 1013 ut
1877 947 1951 1013 buic
1984 948 2042 1015 viri
2078 948 2164 1014 docti

346 1055 552 1122 affirmationi
575 1056 678 1140 possit
701 1057 868 1140 subscribi,
893 1057 1095 1122 cautissimus
1120 1058 1254 1141 quiaque
1276 1056 1471 1140 concedetl)

507 1181 599 1259 Quae
617 1201 686 1247 cnm
702 1182 749 1247 ita
765 1182 837 1266 sint,
862 1203 903 1248 ne
921 1203 985 1248 uno
1002 1182 1131 1265 quidem
1146 1183 1218 1248 loco
1243 1182 1359 1248 decimi
1383 1181 1533 1247 carminis
1557 1181 1683 1246 Livium
1707 1186 1794 1246 staro
1818 1187 1982 1247 auctorem
2008 1181 2166 1264 Propertii

346 1287 503 1354 existimo.
550 1289 592 1353 Et
620 1308 690 1354 cum
724 1297 898 1355 extenuare
929 1289 1023 1372 Livii,
1062 1290 1214 1355 Varronis
1245 1309 1447 1373 exaggerare
1476 1288 1700 1354 auctoritatem
1729 1289 1868 1353 maxime
1898 1309 1971 1354 mea
2006 1288 2162 1354 interesse

345 1395 418 1480 plus
442 1397 542 1461 semel
567 1396 712 1479 dixerim,
736 1396 799 1462 illis
816 1395 940 1462 duobus
962 1396 1121 1481 capitibus
1144 1396 1306 1462 Plutarchi
1330 1396 1405 1481 (vit.
1429 1395 1555 1461 Romuli
1580 1416 1651 1479 cap.
1677 1395 1752 1460 XVI
1777 1401 1808 1460 et
1832 1395 1893 1460 Vit.
1920 1395 2065 1461 Marcelli
2088 1415 2169 1478 cap„

347 1501 437 1586 VIII)
460 1501 534 1568 huie
557 1503 604 1567 rei
628 1510 679 1568 sat
702 1503 905 1568 emolumenti
936 1504 1116 1570 accessisse
1144 1510 1232 1587 puto,
1268 1502 1458 1588 praesertim
1489 1522 1559 1568 cum
1591 1503 1697 1587 priore
1731 1503 1873 1568 locorum
1899 1500 2161 1568 Plutarchcorum

345 1609 448 1694 ipsum
485 1630 600 1675 nomen
634 1610 787 1676 Varronis
820 1612 975 1677 excitetur·
1011 1612 1108 1697 (ppei
1136 1609 1285 1696 depav‘)
1308 1615 1330 1690 ).

504 1824 652 1890 Carmine
685 1825 815 1910 prlmo,
855 1845 917 1908 quo
954 1825 1162 1908 proficiscens
1204 1845 1223 1890 a
1257 1824 1365 1908 parvis
1405 1826 1527 1889 Romae
1565 1823 1663 1888 initiis
1702 1822 1923 1889 describendis
1957 1823 2158 1906 persequitur·

345 1937 541 1996 crescentem
580 1931 611 1995 in
651 1931 721 1997 dies
759 1931 936 2015 potentiam
968 1931 1074 2015 Urbis,
1121 1932 1259 2016 plurima
1282 1932 1438 2014 variaque
1467 1931 1625 1996 neminem
1655 1930 1768 1995 mirum
1792 1930 1925 2000 habebit
1948 1929 2081 2014 proferri
2115 1929 2155 1994 de

344 2037 586 2120 antiquitatibus
610 2038 763 2103 Romanis
787 2059 808 2103 a
831 2038 1007 2122 Propertio.
1052 2038 1144 2116 Quae
1167 2039 1242 2106 inde
1267 2039 1365 2104 oritur
1387 2037 1561 2104 difficultas
1595 2037 1692 2104 etiam
1725 2057 1764 2103 co
1795 2043 1941 2120 augetur,
1976 2036 2063 2119 quod
2096 2037 2157 2102 hac

343 2144 451 2228 elegia
474 2144 505 2209 in
530 2144 792 2229 angustissimam
816 2145 1005 2211 brevitatem
1029 2147 1218 2230 compressit
1241 2167 1332 2211 suam
1356 2145 1534 2212 doctrinam
1566 2145 1683 2210 Sextus
1711 2151 1744 2209 et
1775 2144 1888 2209 leviter
1918 2149 2040 2208 tantum
2071 2144 2158 2208 velut

342 2251 374 2315 in
398 2258 581 2317 transcursu
605 2251 712 2316 omnia
735 2252 839 2336 tetigit
863 2253 1130 2336 saepiusculeque
1154 2253 1187 2318 in
1211 2272 1324 2318 unum
1348 2251 1518 2318 distichum
1542 2252 1650 2336 plures
1674 2271 1726 2316 res
1750 2250 1794 2318 ad
1816 2250 2012 2316 incunabula
2032 2251 2155 2316 Romae

342 2365 525 2443 spectantes
548 2357 682 2424 infersit.

501 2484 551 2548 De
575 2482 876 2549 vetustissimae
900 2485 1023 2550 Romae
1040 2484 1142 2550 forma
1158 2505 1197 2551 ac
1214 2483 1405 2550 condicione
1420 2484 1490 2565 quis
1509 2503 1647 2567 unquam
1662 2483 1721 2546 luit
1735 2483 1864 2565 gravior
1878 2483 2022 2548 Varrone
2040 2482 2155 2547 testis?

341 2591 391 2654 Ne
420 2591 535 2656 multus
564 2590 622 2654 sim
651 2590 682 2654 in
716 2610 751 2654 rc
782 2595 869 2672 nota,
904 2590 1091 2668 Quintiliani
1120 2591 1209 2670 (lnst.
1236 2591 1323 2658 Orat.
1349 2592 1374 2668 l,
1399 2593 1507 2678 6,12)
1535 2591 1656 2657 verbis:
1691 2590 1804 2669 ,Varro
1837 2590 1870 2654 in
1894 2610 1933 2655 co
1966 2588 2058 2670 libro,
2093 2609 2155 2672 quo

343 2697 434 2762 initia
459 2699 624 2763 Romanae
649 2697 735 2762 urbis
759 2699 909 2781 enarrat‘,
934 2705 1018 2763 toto
1042 2698 1142 2764 libro
1167 2699 1239 2763 illas
1263 2719 1315 2764 res
1338 2705 1497 2764 tractasse
1521 2697 1690 2762 Reatinum
1713 2695 1883 2780 probabile
1907 2694 1980 2774 fita)

502 2805 614 2887 ltaque
662 2804 821 2871 luerkius
861 2804 949 2871 illam
980 2825 1085 2871 rerum
1125 2805 1224 2871 nostri
1266 2805 1416 2870 carminis
1449 2804 1632 2887 congeriem
1668 2803 1899 2868 Varronianam
1932 2803 2155 2868 auctoritatem

339 2911 477 2976 inustam
500 2911 582 2976 ferre
606 2911 672 2978 vult
695 2918 727 2977 et
751 2931 834 2996 quae
857 2912 993 2995 praebet
1016 2920 1214 2996 argumenta,
1239 2913 1287 2978 eis
1310 2911 1387 2977 mibi
1410 2911 1443 2976 in
1466 2912 1648 2977 universum
1672 2910 1871 2990 persuasisse
1896 2909 1997 2977 virum
2028 2910 2156 2976 doctum

340 3037 431 3082 suam
465 3037 538 3082 esse
571 3017 772 3100 probandam
805 3017 997 3085 sententiam
1029 3019 1133 3085 laetus
1164 3019 1269 3085 libens
1302 3039 1457 3103 agnosco.
1503 3020 1643 3085 Tantum
1674 3039 1738 3082 non
1769 3017 1801 3082 in
1835 3036 2026 3101 unoquoque
2059 3037 2153 3082 versu

341 3123 540 3190 Varroniana
564 3124 665 3208 spirat
687 3133 773 3192 certe
797 3145 896 3191 mena.

377 3216 379 3220 ¹
502 3231 558 3296 Bis
582 3238 689 3297 autem
712 3233 744 3297 in
768 3233 830 3299 hoc
853 3253 980 3316 quoque
1005 3233 1239 3299 dissertationis
1256 3233 1362 3317 eapite
1387 3233 1523 3300 occurrit
1538 3231 1653 3298 Livii
1677 3251 1793 3296 nomen
1810 3253 1830 3296 a
1845 3229 1987 3295 Tuerkio
2005 3230 2152 3296 excitum.

339 3337 541 3420 Quamquam
574 3338 676 3404 altero
699 3340 771 3405 loeo
797 3340 1004 3406 dissensus
1033 3340 1115 3405 Livii
1141 3348 1174 3406 et
1195 3340 1351 3425 Propertii
1381 3340 1541 3424 detegitur
1571 3361 1591 3406 a
1619 3340 1686 3405 viro
1716 3339 1822 3404 docto.
1870 3336 1964 3415 Quod
1996 3337 2080 3402 enim
2112 3338 2153 3403 de

338 3446 562 3528 Albaelongae
587 3445 847 3512 denominatione
871 3447 1001 3514 exbibet
1024 3454 1122 3532 poeta
1145 3467 1238 3514 versu
1263 3451 1320 3514 35:

790 3554 842 3639 ,Et
866 3555 952 3620 stetit
974 3555 1059 3620 Alba
1082 3561 1208 3638 potens,
1232 3555 1353 3621 albae
1377 3554 1457 3620 sois
1481 3554 1606 3619 omine
1625 3554 1724 3636 nata‘,

338 3659 479 3742 sequitur
503 3660 630 3726 solitam
657 3659 833 3727 doctrinam
857 3662 1083 3745 propriamque
1107 3662 1269 3727 Varronis.
1302 3661 1350 3727 Of.
1376 3663 1508 3726 Varron.
1534 3659 1575 3725 de
1599 3660 1673 3743 ling.
1691 3661 1745 3723 lat.
1772 3658 1808 3743 V,
1835 3662 1915 3722 144:
1942 3658 2045 3741 ,Alba,
2062 3657 2097 3722 id
2109 3658 2150 3722 ab

337 3787 395 3832 sue
419 3767 495 3832 alba
518 3767 724 3833 nominatum‘
750 3775 782 3833 et
805 3767 892 3834 Serv.
917 3769 998 3838 Aen.
1022 3769 1048 3853 l,
1074 3771 1155 3834 270:
1185 3769 1311 3853 ,Albam
1335 3769 1483 3850 Longam
1507 3765 1652 3832 condidit
1674 3766 1794 3831 dietam
1814 3765 1857 3830 ab
1882 3765 2010 3830 omine
2034 3765 2150 3830 albae

336 3894 454 3958 porcae
477 3883 624 3959 repertae
649 3875 699 3940 vel
723 3875 786 3940 situ
809 3875 965 3942 civitatis!
1007 3875 1053 3941 Ol.
1073 3876 1169 3959 Verg.
1194 3877 1272 3941 Aen.
1291 3875 1376 3959 Vlll,
1402 3877 1444 3940 36
1456 3894 1523 3958 sqq.
1559 3873 1678 3939 Contra
1702 3872 1812 3938 Livius
1836 3871 1915 3936 illud
1940 3871 2148 3954 veriloquium

336 3981 449 4046 reticet
472 3988 504 4046 et
527 3981 615 4047 vocis
638 3981 862 4066 Albaelongae
886 3983 1044 4066 originem
1067 3983 1286 4049 tantummodo
1311 3983 1453 4066 explicat
1476 3981 1523 4046 sic
1546 3981 1572 4066 I,
1597 3985 1634 4046 3:
1660 3981 1854 4065 ,Ascanius
1881 4030 1887 4043 .
1914 3999 2055 4043 ,noram
2081 3979 2150 4062 ipse

337 4086 435 4152 aliam
459 4088 518 4153 sub
535 4088 661 4154 Albano
678 4096 785 4155 monte
802 4088 956 4174 condidit,
981 4110 1063 4173 quae
1080 4091 1122 4155 ab
1140 4091 1201 4156 situ
1225 4096 1442 4174 porrectae
1465 4089 1498 4153 in
1516 4088 1612 4154 dorso
1629 4087 1716 4153 urbis
1731 4087 1847 4169 Longa
1865 4086 1948 4150 Alba
1965 4085 2150 4169 appellata!

497 4194 590 4260 initio
615 4215 691 4261 vero
716 4196 864 4262 carminis
888 4219 917 4262 r.
943 4201 1037 4281 deq:

817 4305 930 4388 ,Atque
955 4304 1009 4370 ubi
1033 4305 1151 4370 Navali
1176 4311 1262 4369 stant
1285 4323 1380 4369 saera
1403 4301 1531 4367 Palatia
1555 4301 1697 4385 Phoebo,

814 4410 958 4475 Euandri
981 4411 1183 4496 profugae
1208 4410 1407 4476 concubuere
1432 4409 1543 4474 boves‘

335 4513 494 4580 Tuerlrius
518 4514 623 4580 denuo
659 4516 785 4582 Livium
809 4524 970 4583 auctorem
996 4517 1124 4584 odorari
1149 4517 1211 4583 sibi
1233 4516 1366 4583 ridetur.
1413 4516 1500 4581 Sane
1524 4515 1653 4598 quidem
1687 4515 1785 4580 etiam
1818 4513 1929 4579 Livius
1960 4511 2148 4596 ,profugum‘

495 4659 515 4724 ¹)
539 4657 606 4712 Cum
626 4658 694 4711 Livii
717 4674 876 4726 componere
907 4659 994 4727 placet
1021 4659 1103 4713 verba
1127 4659 1248 4728 Dionysii
1271 4656 1467 4711 Halicarnassei
1494 4657 1568 4726 (XII,
1598 4658 1636 4724 ir):
1666 4656 1882 4724 ,ἈποκΙτείνας
1911 4656 1943 4708 δὲ
1973 4653 2073 4707 αὐτὸν
2103 4655 2149 4718 (ae.

335 4745 505 4815 Τολοΰμνιον)
525 4749 579 4800 καὶ
598 4751 636 4800 τὰ
655 4748 760 4802 σκῦλα
785 4749 1004 4820 ἀφελόμενος,
1032 4750 1061 4803 od
1083 4751 1161 4818 μόνον
1185 4751 1245 4808 τοὺς
1265 4749 1342 4816 ὁμόσε
1362 4753 1512 4822 χωροῦντας
1533 4749 1615 4806 ἱππεῖς
1634 4767 1661 4801 τε
1682 4749 1725 4802 rori
1745 4749 1836 4809 πεζοὺς
1858 4741 2055 4813 tvtcssrrrlrv,
2083 4742 2151 4796 ἀλλὰ

333 4837 508 4894 καὶτοὺς...
529 4838 685 4909 ἀντέχοντας
705 4839 739 4896 εἰς
760 4837 872 4906 ἀθυμίαν
891 4841 934 4892 καὶ
953 4839 1011 4898 δέος
1033 4841 1206 4909 κατέστησεν.ι

493 4941 514 5006 ²)
542 4942 629 4996 Etiam
657 4943 686 4995 G.
712 4943 863 4998 Knaaclrius
890 4943 917 5012 (l.
937 4944 954 4997 l.
974 4962 998 5012 p.
1020 4945 1082 5006 400)
1111 4945 1294 4998 auctoritatam
1320 4944 1446 4996 Varronis
1470 4961 1499 4996 so
1524 4943 1644 5011 accipere
1668 4945 1761 4997 annuit
1781 4945 1940 5015 adiungens:
1966 4945 2039 5012 „Der
2057 4947 2084 4999 irr
2102 4947 2150 4999 der

335 5019 549 5101 [ilrerarbeitung
566 5032 649 5086 luben
672 5031 714 5086 bei
736 5032 862 5088 Plutarch
877 5032 1046 5104 vorliegende
1067 5034 1176 5088 Bericht
1190 5035 1316 5103 gestattet
1331 5033 1399 5086 noch
1414 5032 1684 5103 einenlliiicksehluss
1694 5034 1793 5087 auidis
1813 5035 1983 5089 varronisohe
2004 5033 2149 5104 Fassrrng.“

492 5138 514 5209 ⁸)
533 5137 674 5192 ldirschius
693 5138 719 5208 (l.
736 5138 751 5192 l.
768 5157 792 5210 p.
809 5145 843 5196 32
859 5143 885 5194 et
903 5144 947 5210 94)
971 5142 1055 5196 fuisse
1074 5139 1148 5195 illurn
1167 5143 1319 5210 quartum
1338 5139 1433 5193 librum
1452 5139 1647 5210 Antiquitatum
1667 5156 1756 5195 rerum
1776 5142 1952 5196 humanarum
1970 5143 2149 5196 ratiocinatur.
