4930 5978
1181 449 1220 508 21

296 664 363 730 dixi
388 663 431 729 ad
455 681 584 729 carmen
607 664 767 740 nonumll
800 658 894 738 Quod
919 660 946 725 si
969 659 1207 744 probabilitatis
1224 679 1289 724 non
1305 665 1355 725 est
1370 657 1529 738 absimile,
1554 658 1608 742 qui
1623 658 1765 724 Tuerhio
1782 658 1940 725 concedet
1954 657 2111 742 Propertii

296 790 367 838 cum
390 768 512 836 Livio
536 766 787 851 similitudinem,
821 765 907 833 idem
931 773 1053 834 statuat
1076 786 1211 833 necesse
1235 773 1285 831 cst
1308 771 1496 832 concentum
1519 765 1602 831 inter
1624 765 1824 849 Propertium
1853 775 1885 832 et
1912 785 2111 831 communem

296 877 379 942 Livii
397 875 611 961 Dionysiique
626 873 758 941 iontem.
805 873 888 939 Hinc
905 873 982 938 lucri
999 873 1163 959 quidpiam
1180 872 1317 939 exsistat
1332 873 1553 938 Varronem
1570 872 1726 957 Propertii
1747 880 1909 939 auctorem
1925 871 2110 938 affirmanti.

454 984 497 1047 At
533 1003 603 1048 cum
641 988 739 1066 poeta
776 987 885 1046 nostro
923 981 1031 1046 malim
1068 1000 1261 1064 componere
1297 979 1429 1046 alterius
1461 980 1630 1046 sectatoris
1664 979 1853 1046 Varroniani
1885 978 2111 1063 narrationum,

300 1089 474 1173 Plutarchi,
491 1109 562 1156 cunr
577 1088 767 1174 praesertim
782 1087 815 1153 is
831 1086 1030 1173 singulare
1045 1086 1201 1172 proelium
1217 1087 1300 1153 inter
1310 1087 1478 1153 Romulum
1493 1095 1526 1152 et
1539 1089 1709 1153 herentem
1724 1087 1927 1153 commissum
1941 1085 2112 1152 describat.

297 1199 345 1263 Αισ
377 1196 475 1262 refert
506 1195 643 1281 scriptor·
676 1194 821 1261 Graecus
859 1194 933 1274 (Vll.
966 1195 1054 1260 Rom.
1094 1215 1120 1260 c.
1160 1197 1225 1274 16):
1266 1193 1300 1271 ,Γ
1301 1193 1434 1278 eriperer
1470 1193 1529 1258 δ’ἐν
1568 1191 1636 1280 ὄψει
1673 1194 1723 1258 καὶ
1755 1192 1922 1263 κατιδόντες
1954 1194 2111 1277 ἀλλήλους,

300 1303 522 1389 προύκαλοῦντο
549 1301 713 1389 μάχεσθαι,
743 1306 801 1366 τῶν
834 1303 1060 1387 στρατευμάτων
1093 1301 1124 1364 ἐν
1151 1307 1211 1372 τοῖς
1239 1301 1338 1371 ὅπλοις
1366 1301 1580 1387 ἀτρεμούντων.
1628 1298 1796 1385 Εὐξάμενος
1824 1299 1874 1364 οὖν
1904 1297 2112 1386 ὁῬωράλος,

303 1411 330 1474 εἰ
359 1412 516 1496 κρατήσειε
538 1410 588 1474 καὶ
612 1410 786 1496 καταβάλοι,
817 1413 860 1494 τῷ
887 1407 932 1471 Διὶ
959 1407 1059 1494 φέρων
1088 1409 1249 1493 ἀναθήσειν
1278 1408 1366 1478 αὐτὸς
1388 1409 1424 1472 τὰ
1449 1409 1527 1472 ὅπλα
1550 1413 1601 1472 τοῦ
1626 1409 1741 1494 ἀνδρὸς,
1766 1407 1854 1471 αὐτόν
1876 1431 1909 1470 τε
1932 1408 2112 1492 καταβάλλει

300 1518 467 1602 κρατήσειε.
513 1516 699 1601 Propertius
721 1515 827 1601 pingit
847 1536 878 1580 v.
905 1517 945 1580 13
970 1535 1050 1598 sqq.:

728 1622 833 1702 ,Hunc
856 1622 945 1688 videt
968 1629 1044 1688 ante
1068 1643 1167 1688 cavas
1190 1622 1361 1689 librantem
1385 1622 1509 1707 spicula
1532 1631 1634 1688 turres

728 1729 880 1794 Romulus
904 1736 937 1795 et
959 1730 1042 1796 votis
1066 1739 1204 1815 occupat
1226 1737 1302 1796 ante
1325 1729 1416 1795 ratis:

727 1836 903 1921 „luppiter,
926 1836 1009 1903 haec
1031 1836 1129 1904 hodie
1151 1837 1210 1902 tibi
1234 1837 1364 1904 victima
1386 1843 1512 1903 corruet
1532 1837 1670 1902 Acronf⁶

732 1943 885 2009 Voverat:
909 1949 942 2009 et
965 1943 1104 2029 spolium
1126 1945 1243 2010 corruit
1265 1945 1321 2011 ille
1346 1944 1435 2010 lovi!

302 2049 502 2117 Persimilenr
533 2049 758 2134 praesefert
791 2050 933 2134 speeiem
960 2069 1098 2116 nervosa
1127 2057 1160 2116 et
1186 2050 1371 2136 ponderosa
1395 2049 1542 2135 repetitio
1575 2051 1753 2134 verborum,
1787 2049 1874 2133 apud
1901 2047 2113 2132 Propertium:

300 2156 397 2239 ,haec
432 2157 562 2223 victima
594 2162 721 2222 corruet
752 2158 870 2223 Acron:
910 2157 1047 2242 spolium
1080 2158 1198 2224 couuit
1226 2157 1280 2224 ille
1314 2158 1404 2241 lovi‘,
1437 2156 1525 2241 apud
1556 2156 1772 2223 Plutarchum:
1811 2157 1849 2232 ,εἰ
1880 2155 2034 2240 κρατήσειε
2066 2155 2115 2218 καὶ

300 2265 481 2350 καταβάλοιι
506 2262 596 2328 αὐτόν
618 2288 651 2328 τε
673 2265 855 2351 καταβάλλει
878 2266 1045 2350 κρατήσας*

347 2431 351 2440 .
463 2368 652 2454 Comparari
676 2391 771 2456 porro
795 2380 929 2456 possunt
953 2395 980 2438 v.
1005 2375 1102 2456 9sq.:

782 2482 897 2562 ,Acron
922 2479 1109 2563 Herculeus,
1135 2479 1279 2546 Caenina
1302 2478 1415 2546 ductor
1438 2479 1480 2544 ab
1505 2497 1590 2560 arce,

781 2585 897 2669 Roma,
921 2584 984 2650 tuis
1008 2585 1170 2667 quondam
1192 2585 1308 2651 finibus
1333 2585 1444 2652 horror
1467 2591 1546 2651 crat‘

300 2709 371 2757 cum
403 2688 566 2757 Plutarchi
600 2690 708 2758 verbis
739 2691 771 2772 (l.
801 2692 847 2772 l.):
887 2689 1007 2777 ,Ἄκρων
1040 2693 1074 2756 δὲ
1106 2693 1243 2779 βασιλεὺς
1275 2690 1453 2777 Κενινητῶν,
1487 2693 1560 2777 ἀνὴρ
1593 2692 1754 2777 θυμοειδὴς
1786 2692 1836 2756 καὶ
1869 2691 1963 2760 δεινὸς
1995 2691 2025 2753 ἐν
2056 2691 2116 2760 τοῖς

297 2801 487 2882 τελαμκοῖςέ.
534 2795 596 2864 eui
617 2796 743 2865 scilicet
765 2797 965 2864 similitudini
989 2800 1206 2883 argumenti
1230 2799 1294 2866 vim
1322 2799 1452 2866 attribui
1479 2818 1578 2884 posse
1610 2799 1730 2864 nullam
1757 2819 1816 2884 per
1845 2818 1881 2864 se
1911 2796 2114 2880 intellegitur.

297 2906 404 2989 Meae
427 2903 518 2988 apud
538 2904 743 2972 Plutarchum
770 2905 865 2970 sicuti
888 2905 977 2990 apud
1000 2907 1200 2991 Propertium
1223 2907 1288 2973 ianr
1311 2913 1400 2974 ante
1423 2926 1566 2991 pugnam
1586 2906 1656 2972 lori
1687 2906 1793 2991 spolia
1818 2903 1967 2972 Acroutis
1997 2922 2115 2970 vovere

298 3011 470 3078 Romaim
486 3010 561 3078 ideo
586 3031 748 3097 urgemus,
772 3011 858 3096 quod
877 3011 989 3078 Livius
1007 3012 1106 3078 tradit
1125 3032 1196 3079 eum
1217 3013 1299 3080 duce
1317 3013 1455 3080 hostium
1474 3013 1581 3080 occiso
1602 3012 1775 3078 exercitum
1794 3012 1929 3078 Romam
1948 3009 2115 3078 reduxisse

298 3124 330 3184 et
353 3117 500 3184 armaio
532 3119 724 3203 Capitolium
748 3119 860 3186 tulisse
884 3138 988 3203 eaque
1011 3126 1099 3186 tunc
1123 3119 1267 3186 demum
1292 3121 1360 3186 lovi
1383 3120 1513 3186 vovisse
1537 3119 1659 3187 verbis:
1691 3119 1844 3204 ,Iuppiter
1870 3117 2002 3202 Feretri,
2034 3117 2115 3183 haee

299 3226 358 3292 tihi
382 3226 485 3292 victor
508 3225 662 3292 Romulus
685 3245 742 3291 rex
766 3225 858 3310 regia
881 3247 973 3292 arma
994 3225 1063 3293 iero
1087 3227 1303 3312 templumque
1319 3278 1325 3293 .
1397 3226 1513 3293 dedico
1537 3225 1649 3293 sedem
1672 3225 1792 3311 opimis
1811 3224 1933 3310 spoliis‘
1958 3245 1984 3290 e.
2006 3245 2035 3307 q.
2055 3227 2116 3304 s.·¹)

460 3333 534 3398 Non
558 3352 634 3398 vero
658 3331 828 3417 Tuerhius,
862 3333 1033 3400 undeunde
1058 3335 1215 3400 extricare
1249 3342 1383 3401 conatus
1415 3333 1573 3419 Propertii
1605 3332 1753 3417 Liviique
1786 3330 2050 3416 coniunctionem,
2082 3331 2115 3395 in

301 3437 451 3504 cautione
477 3457 541 3521 qua
564 3457 644 3523 opus
668 3445 718 3504 est
741 3437 928 3504 adhihenda
951 3423 1002 3505 sat
1025 3440 1088 3506 sihi
1111 3440 1262 3525 constitit,
1286 3462 1356 3507 cum
1380 3461 1505 3508 versum
1531 3445 1586 3507 17:

795 3545 904 3631 ,Urbis
928 3546 1117 3630 virtutisque
1140 3568 1258 3633 parens
1283 3549 1330 3614 sie
1353 3550 1481 3615 vincere
1505 3546 1617 3614 suevit‘

302 3657 512 3737 componeret
535 3671 607 3717 cum
630 3651 701 3719 Liv.
726 3653 751 3734 l,
778 3656 878 3738 16‚3:
909 3655 1040 3738 ,Regem
1069 3663 1299 3739 parentemque
1323 3655 1410 3720 urhis
1433 3655 1599 3721 Romanae
1623 3655 1749 3720 salvere
1780 3652 1918 3718 universi
1948 3653 2116 3718 Romulum

298 3759 432 3826 iubent‘
481 3757 524 3822 Ut
546 3757 610 3824 hoc
634 3759 789 3845 omittam,
813 3760 900 3844 qood
924 3759 1005 3828 haec
1026 3761 1113 3826 Livii
1136 3763 1237 3828 verba
1261 3781 1323 3826 non
1347 3763 1380 3827 in
1403 3762 1460 3827 illa
1484 3761 1525 3828 de
1542 3761 1676 3827 Romulo
1701 3768 1733 3826 et
1757 3762 1894 3826 Acronte
1919 3759 2114 3838 narratione,

300 3866 360 3934 sod
393 3866 426 3931 in
458 3865 522 3932 line
557 3865 711 3932 historiae
744 3867 921 3934 Romuleae
955 3874 1094 3952 exstant,
1128 3868 1182 3934 ubi
1222 3868 1261 3934 de
1296 3876 1396 3934 morte
1429 3868 1524 3953 primi
1546 3868 1633 3951 regis
1665 3869 1881 3934 Romanorum
1912 3866 2031 3933 mentio
2062 3865 2113 3929 fit:

301 3994 376 4038 num
401 3971 513 4039 Livius
537 3971 705 4039 adeundos
729 3980 799 4039 erat
821 3980 941 4060 nostro,
974 3983 1008 4040 ut
1040 3976 1173 4041 Romulo
1206 3975 1295 4040 illum
1316 3975 1440 4041 titolum
1464 3976 1616 4042 tribueret
1632 3975 1828 4042 tritissimum
1845 3994 1973 4060 ,parens
1995 3970 2115 4038 orbis‘?

301 4080 351 4146 Au
376 4099 448 4146 eum
471 4100 536 4146 nou
560 4080 701 4146 callebat
724 4080 765 4146 de
789 4089 891 4148 semet
913 4083 1007 4166 ipso?

461 4189 567 4270 Atque
591 4186 625 4251 in
648 4187 779 4253 alterins
802 4208 943 4272 pugnae,
966 4187 1049 4255 inter
1073 4191 1207 4255 Cossum
1232 4197 1264 4254 et
1285 4189 1486 4256 Tolumnium
1510 4189 1711 4274 commissae,
1736 4188 1952 4272 descriptione
1976 4207 2116 4273 ,prorsus

302 4292 443 4360 diverse‘
479 4295 522 4359 ab
555 4293 649 4360 Livio
683 4295 749 4377 (qui
782 4295 861 4361 nihil
894 4296 935 4362 de
968 4297 1091 4381 proelio
1129 4297 1298 4380 singulari)
1334 4297 1453 4363 referre
1490 4296 1689 4381 Propertium
1727 4295 1886 4361 Tuerkius
1925 4294 1994 4380 ipse
2028 4301 2115 4361 recte

302 4401 461 4486 mouet³);
493 4420 532 4466 eo
563 4400 667 4484 magis
696 4402 962 4488 obstupescimus,
1001 4402 1088 4487 quod
1111 4402 1163 4470 hic
1186 4423 1324 4486 quoque,
1357 4404 1509 4487 abreptus
1541 4423 1694 4486 perversa
1725 4421 1822 4484 quam
1854 4401 1915 4467 sibi
1948 4401 1989 4466 de
2022 4401 2114 4466 Livio

303 4507 466 4592 Propertii
489 4515 621 4574 auctore
646 4507 738 4574 finxit
760 4508 921 4594 opinione,
955 4517 1141 4576 concentum
1166 4517 1284 4595 poetae
1318 4517 1349 4577 et
1382 4509 1524 4576 historici
1556 4510 1766 4594 comprobare
1798 4508 1906 4574 studet
1933 4508 1981 4574 vir
2004 4507 2117 4573 doctus

303 4613 411 4679 verbis
434 4613 524 4680 hisce
547 4614 593 4698 (p.
617 4615 688 4700 46):
713 4617 794 4699 ,Hoc
818 4624 926 4682 autem
949 4625 1099 4682 certum
1117 4615 1251 4701 videtur,
1275 4624 1393 4701 poetae
1417 4618 1530 4684 verba:

466 4827 486 4890 ’λ
504 4827 546 4882 De
566 4827 667 4883 crebris
687 4829 714 4882 in
732 4829 854 4897 Dionysii
873 4828 940 4884 libro
959 4830 994 4884 ll.
1015 4829 1132 4898 vestigiis
1151 4829 1324 4883 Varronianis
1343 4830 1378 4884 ci.
1397 4828 1507 4884 Merkel.
1527 4828 1605 4884 Proll.
1626 4829 1701 4884 Ouid.
1721 4831 1791 4883 Fast.

465 4913 487 4985 ¹)
506 4916 541 4970 cf.
562 4917 641 4970 etiam
661 4934 686 4971 v.
710 4923 754 4973 13:
775 4918 862 4986 ,Hunc
882 4931 929 4988 tac.
949 4919 1103 4987 herentem)
1124 4919 1195 4972 videt
1219 4921 1281 4972 ante
1300 4936 1379 4972 caras
1398 4918 1575 4974 librantem
1595 4919 1719 4988 spricnla
1736 4919 1830 4972 turrcs'
1851 4936 1912 4972 cum
1932 4919 2029 4987 rethia,
2048 4937 2116 4987 quae

303 5001 464 5058 Plutarchus
489 5005 553 5071 (vit.
573 5006 692 5061 Marcelli
711 5025 734 5062 c.
754 5009 790 5075 7.)
814 5007 879 5062 iacit
897 5008 930 5061 de
949 5008 1029 5061 tertie
1047 5007 1172 5073 ,victims
1192 5008 1382 5078 (Virdomaro):
1402 5005 1561 5070 ,Κατιδὼν
1574 5050 1581 5063 .
1594 5050 1621 5063 ..
1649 5009 1715 5063 πολὺ
1734 5009 1783 5080 τρὸ
1806 5015 1860 5061 τῶν
1884 5009 1972 5062 ἄλλων
1996 5008 2115 5070 ἐξελάσας

302 5093 349 5147 τὸν
367 5093 445 5148 ἵππον
464 5093 616 5166 ὑπηντίασεν
636 5095 689 5164 ἅμα
705 5135 710 5148 .
727 5139 732 5152 .
749 5139 755 5152 .
775 5098 809 5151 τὸ
829 5097 904 5171 λάρν
924 5097 1120 5170 κραδαίνων.ι

465 5181 487 5253 ¹)
506 5183 541 5237 ei.
561 5181 702 5237 Rothstein
721 5185 762 5238 ed.
782 5187 844 5240 tom.
863 5185 900 5254 Π,
919 5201 944 5254 p.
964 5187 1025 5240 302.
