4930 5978
1233 425 1272 484 17

336 639 435 706 habet
458 636 545 720 quod
568 635 757 703 adversetur
778 639 822 718 (p.
850 638 890 698 12
915 637 996 716 sqq.)
1042 633 1154 716 ltaque
1179 655 1251 700 cum
1274 637 1421 702 omnibus
1445 637 1487 702 sit
1510 637 1684 722 probatal),
1710 643 1797 702 stare
1822 636 1853 701 in
1879 638 2056 724 Kiesslingi
2081 661 2153 708 sen·

335 744 437 812 tentia
461 742 531 809 sine
556 742 632 824 ulla,
657 742 781 827 opinor,
806 741 1006 806 dubitatione
1030 739 1141 820 licet2).

498 851 567 914 ,lam
593 848 684 914 vides
709 847 786 931 quid
809 847 918 913 velim:
953 847 1152 930 Propertium
1175 867 1301 931 qnoque
1323 849 1356 913 in
1381 849 1443 915 bac
1467 849 1507 916 de
1531 849 1668 915 Hercule
1692 859 1724 914 et
1756 848 1843 916 Caco
1867 850 1978 917 fabula
2001 874 2153 921 revocare

335 957 443 1043 placet
466 955 511 1021 ad
535 956 735 1022 Varronis
759 955 948 1037 doctrinam,
972 954 1090 1038 quippe
1115 975 1208 1038 quem
1233 975 1303 1021 cum
1327 956 1476 1041 Dionysii
1501 956 1705 1022 enarratione
1729 957 1927 1024 concordare
1960 979 2054 1026 nemo
2088 982 2153 1028 non

336 1063 531 1148 cognoverit.
579 1062 673 1140 Quod
698 1063 726 1127 si
743 1060 938 1138 comeditur,
969 1081 1032 1126 non
1050 1067 1110 1140 est,
1140 1081 1194 1127 cnr
1217 1063 1390 1128 Tuerhium
1419 1064 1715 1146 Rotbsteiniumqne
1745 1064 1846 1130 secuti
1873 1065 1960 1131 Livii
1991 1066 2154 1152 insuper

335 1171 559 1238 auctoritatem
587 1169 789 1235 conseramus
820 1168 853 1233 in
881 1170 1014 1234 Sextum
1047 1175 1299 1252 argumentoque
1331 1169 1446 1235 unius
1490 1169 1640 1236 carminis
1674 1191 1714 1236 ox
1752 1169 1909 1236 duobus
1943 1173 2151 1258 scriptoribus

336 1276 476 1344 conflata
500 1295 573 1342 0000
598 1282 786 1342 statuamus.
833 1274 1023 1357 Ubicunque
1040 1275 1125 1340 enim
1141 1281 1258 1359 poetae
1281 1297 1351 1340 cum
1368 1276 1461 1342 Livio
1478 1283 1651 1342 concentus
1677 1276 1865 1343 manifestus
1890 1285 1949 1362 est,
1982 1279 2093 1345 simul
2109 1286 2151 1365 et,

336 1392 488 1467 quantum
513 1383 663 1467 equidem
687 1381 801 1466 sentio,
827 1381 958 1448 artius
982 1380 1157 1448 cohaerere
1181 1402 1251 1448 eum
1276 1381 1372 1447 modo
1397 1382 1534 1448 vidimus
1558 1403 1629 1449 cum
1653 1383 1822 1467 Dionysio,
1848 1384 1911 1467 qui,
1936 1385 1964 1450 si
1993 1385 2152 1453 oredimus

334 1489 544 1573 Kicsslingio,
570 1510 587 1555 e
613 1489 756 1556 Varrone
779 1487 908 1572 pendet.
956 1487 994 1554 ld
1018 1509 1039 1552 a
1062 1509 1113 1553 me
1136 1487 1308 1572 impetrare
1332 1509 1396 1554 uon
1420 1509 1514 1575 queo,
1538 1497 1570 1555 01
1588 1511 1661 1556 cum
1677 1490 1719 1556 dc
1744 1489 1860 1556 iisdem
1875 1492 1972 1558 rebus
1989 1495 2154 1578 complura

333 1597 555 1682 ‚promptuaria
579 1595 689 1662 adisse
711 1602 830 1680 putem.
871 1595 1005 1661 Prorsus
1039 1594 1121 1660 enim
1146 1594 1358 1662 detrectarem
1387 1603 1488 1662 artem
1520 1605 1648 1681 poetae,
1680 1597 1775 1662 talis
1805 1599 1993 1680 praesertim
2024 1607 2152 1683 poetae,

335 1704 399 1787 qui,
424 1722 507 1786 quae
522 1704 555 1768 in
570 1723 660 1769 suum
677 1722 769 1768 usum
782 1709 993 1786 converteret,
1020 1702 1069 1767 his
1080 1701 1184 1768 illisve
1194 1701 1274 1768 loeis
1292 1703 1390 1768 anxia
1400 1722 1477 1769 cura
1487 1703 1658 1786 collegisse
1678 1702 1808 1768 minime
1825 1704 2056 1772 existimandus
2067 1711 2152 1786 est³).

494 1810 610 1876 Nonne
635 1817 819 1893 pergratum
843 1829 916 1875 esse
934 1809 1031 1875 debet
1041 1817 1205 1874 auctorem
1220 1807 1349 1874 Livium
1365 1830 1406 1875 cx
1427 1810 1561 1892 priore
1578 1810 1728 1876 carminis
1745 1810 1820 1876 noni
1845 1818 1937 1894 parte
1954 1814 2153 1881 extrusisse?

331 1916 460 1984 Etenim
489 1915 552 1981 iam
577 1915 725 2000 omnia,
749 1935 833 1999 quae
856 1915 919 1982 hac
947 1916 1054 1998 elegia
1078 1915 1287 2000 explicantur,
1312 1936 1363 1981 me
1387 1915 1415 1982 si
1439 1916 1543 2001 audis,
1570 1915 1613 1982 ad
1636 1917 1724 1982 illum
1747 1917 1979 2002 polyhistorem
2003 1919 2152 2004 redigere

333 2023 417 2090 licet.
464 2023 549 2088 Nam
572 2023 745 2089 alteram
768 2022 920 2088 carminis
936 2023 1090 2106 fabulam,
1114 2041 1197 2104 quae
1222 2029 1272 2088 est
1295 2021 1337 2088 de
1361 2023 1453 2087 Bona
1477 2024 1550 2089 Dea
1574 2030 1605 2090 et
1622 2024 1857 2090 constructione
1874 2025 1960 2090 Arae
1976 2024 2151 2110 Maximae,

333 2149 386 2213 ,cx
412 2129 555 2195 Varrone
585 2129 837 2213 deprompsisse‘
860 2128 1060 2214 Propertium
1100 2127 1222 2211 liquido
1256 2127 1487 2194 demonstravit
1519 2130 1678 2194 Tnerlrins
1702 2150 1732 2213 p.
1759 2133 1890 2196 40-42
1924 2131 1957 2194 in
1989 2151 2093 2215 eaque
2117 2153 2151 2199 re

331 2255 499 2304 assensum
532 2235 603 2300 tulit
636 2234 752 2302 Caneri
774 2235 805 2312 (l.
830 2236 849 2301 l.
874 2256 904 2320 p.
937 2240 1035 2315 11181)
1065 2242 1097 2300 01
1130 2234 1292 2301 Knaaclxii
1325 2235 1403 2320 (1.1.
1431 2256 1461 2319 p.
1488 2238 1577 2314 401).
1588 2241 1613 2315 ⁴)
1658 2237 1856 2321 Argumenta
1888 2238 1947 2302 viri
1981 2237 2078 2322 docti,
2111 2260 2152 2304 ne

326 2342 484 2410 molestus
507 2341 578 2424 sim,
601 2362 666 2408 nou
689 2342 802 2409 refero.

491 2447 597 2515 Unam
627 2470 703 2515 vero
736 2470 803 2515 rem
835 2469 932 2533 posse
966 2470 1001 2515 se
1033 2450 1174 2516 enodare
1207 2456 1306 2532 negat
1338 2449 1507 2533 Tuerkius,
1541 2469 1581 2514 ac
1613 2449 1675 2515 nisi
1708 2449 1770 2515 hac
1802 2449 1991 2517 difficultate
2023 2452 2152 2517 sublata

331 2562 461 2622 totam
485 2556 624 2640 elegiam
648 2576 721 2622 esse
746 2562 926 2640 compotem
949 2556 1170 2623 Varronianae
1195 2555 1360 2621 doetrinae
1385 2563 1440 2621 ant
1464 2554 2152 2642 00110011110110003001001011100011011

331 2682 353 2728 a
374 2662 471 2730 nobIs
494 2663 687 2730 asseverari.

490 2769 632 2838 Tuerlrio
657 2769 741 2836 enim
772 2770 957 2854 Propertius
981 2790 1020 2836 οο
1044 2770 1087 2836 ab
1112 2769 1258 2834 omnibus
1283 2769 1454 2834 dissentire
1478 2767 1604 2834 videtur
1638 2769 1832 2853 auctoribus,
1866 2769 1953 2854 qnod
1979 2771 2150 2837 Euandri

325 2875 471 2961 ,hospitio
496 2897 587 2943 usum
611 2896 684 2942 esse
708 2876 877 2942 Herculem
901 2878 1044 2942 reticeat.
1090 2879 1195 2958 Atque
1220 2876 1266 2940 sic
1290 2883 1530 2960 argumentatur
1554 2875 2150 2962 1111100100(ρ.88);,110110510νὶυο

331 2989 382 3050 est
411 3005 432 3050 a
460 2983 626 3068 Propertio
660 2984 781 3049 nullam
803 2983 998 3048 mentionem
1021 2983 1091 3048 fieri
1127 2983 1206 3067 eins,
1240 3002 1335 3065 quem
1367 2982 1455 3065 apud
1489 3002 1600 3048 ornnes
1631 2982 1803 3066 scriptores
1837 2984 1961 3067 quasi
1994 2985 2150 3068 primas

330 3097 468 3174 partes
491 3098 629 3157 tenere
646 3089 802 3172 videmus,
827 3089 899 3156 dico
917 3089 1110 3156 Euandrum.
1157 3091 1249 3155 Hunc
1265 3089 1349 3154 euim
1375 3089 1591 3155 Herculem
1615 3089 1787 3155 comiter
1811 3091 2037 3177 accepisse,
2061 3093 2148 3159 Caco

327 3196 499 3264 interiecto
523 3197 655 3262 summis
678 3197 829 3262 laudibus
853 3197 1017 3281 extulisse,
1051 3195 1199 3262 Herculis
1223 3196 1396 3261 honoribus
1421 3198 1542 3260 Aram
1567 3196 1778 3262 Maximam
1801 3196 2046 3280 condidisse,
2076 3220 2149 3266 oon-

332 3302 433 3374 ditam
453 3303 582 3370 Potitiis
598 3325 638 3370 ac
654 3303 792 3368 Pinariis
808 3303 1064 3370 conservandam
1088 3303 1271 3386 tradidisse,
1297 3323 1337 3369 ex
1362 3303 1503 3386 Vergilio
1528 3308 1560 3367 ct
1583 3302 1676 3368 Livio
1694 3304 1845 3386 cognosci
1862 3310 1980 3387 potest.
2013 3307 2150 3372 Tantum

331 3415 439 3476 autem
473 3410 577 3493 abest,
617 3417 652 3474 ut
683 3410 867 3494 Propertius
901 3410 1086 3476 Euandrum
1118 3409 1308 3492 introducat,
1342 3415 1376 3474 ut
1408 3415 1520 3484 contra
1552 3430 1626 3493 pro
1656 3409 1853 3476 Euandro
1888 3411 2028 3478 Cacum
2062 3414 2149 3480 illurn

331 3515 576 3584 semihominem
601 3536 672 3582 curn
695 3516 833 3583 Hercule
857 3517 996 3602 bospitio
1021 3517 1222 3582 coniunctum
1245 3515 1345 3582 101000
1370 3523 1490 3581 narret:

866 3623 944 3707 ,Sed
967 3643 1030 3689 non
1054 3623 1152 3689 infido
1176 3629 1361 3689 manserunt
1384 3622 1511 3706 hospite
1536 3622 1623 3687 Caco

865 3731 1060 3796 incolumes:
1084 3729 1168 3795 furto
1192 3730 1304 3814 polluit
1327 3730 1382 3795 ille
1405 3730 1534 3795 lovem!

493 3835 586 3902 Unde
610 3844 707 3920 pocta
731 3835 815 3902 hanc
838 3837 951 3902 miram
975 3837 1322 3902 commutationem
1346 3836 1476 3902 fabulae
1500 3836 1642 3920 vulgaris
1659 3836 1811 3920 hauserit,
1836 3837 1983 3920 quaestio
2002 3845 2051 3902 est
2069 3857 2147 3903 saue

331 3941 494 4012 difficilis!

492 4121 511 4185 ¹)
537 4121 572 4175 ci.
597 4121 677 4174 etium
702 4119 731 4175 0.
752 4119 839 4185 Peter,
870 4121 922 4174 Zur
950 4119 1036 4174 Kritilr
1063 4120 1112 4174 der
1140 4120 1253 4186 Quellen
1280 4122 1329 4173 der
1353 4119 1456 4173 tilteren
1485 4120 1635 4173 rbrnisohen
1664 4119 1832 4186 Gescbichte‚
1857 4120 1917 4176 Hal.
1949 4124 2026 4188 1878,
2055 4137 2079 4187 p.
2099 4125 2146 4178 64:

331 4205 361 4260 P.
381 4207 489 4274 11110011,
509 4208 550 4262 De
569 4209 605 4263 M.
624 4209 731 4263 Terenti
752 4209 879 4262 Varronis
903 4209 1087 4278 antiquItatum
1108 4227 1197 4262 rerum
1219 4211 1392 4263 humanarum
1412 4209 1486 4262 libris
1505 4209 1594 4276 XXV,
1614 4209 1675 4276 Lps.
1700 4212 1774 4274 1882,
1799 4210 1843 4277 qni
1867 4213 1958 4264 tamen
1982 4210 2023 4261 vir
2045 4209 2145 4274 doctus,

330 4297 399 4364 quod
418 4313 443 4365 p.
463 4302 498 4352 19
521 4298 609 4352 denuo
629 4299 656 4352 in
675 4299 724 4352 hoc
743 4299 859 4352 studium
878 4298 1058 4353 incubituram
1077 4315 1106 4351 00
1125 4298 1256 4366 pollicitus
1276 4303 1324 4364 est,
1344 4299 1429 4353 adhuc
1448 4313 1532 4366 usque
1551 4313 1605 4350 non
1624 4297 1762 4365 praestitit.

491 4402 513 4471 'l
542 4404 600 4458 Hoc
619 4421 702 4458 unum
717 4405 766 4460 hoc
781 4405 838 4460 loco
857 4407 959 4460 0110110
979 4406 1059 4473 iuvat,
1082 4406 1191 4475 Augusti
1212 4408 1300 4460 aetate
1318 4406 1351 4459 de
1370 4409 1462 4458 nostra
1480 4403 1571 4458 fabula
1589 4404 1740 4472 opinionem
1760 4403 1895 4457 exstitisse
1914 4403 1993 4472 plane
2012 4404 2145 4457 diversam

330 4491 363 4545 ab
382 4493 510 4560 omniurn,
529 4509 594 4562 quos
614 4494 641 4546 in
660 4495 843 4561 quaestionem
867 4495 1028 4561 vocavimus,
1055 4496 1212 4562 scriptorum
1237 4495 1401 4561 narratione,
1425 4494 1537 4548 Verrius
1557 4493 1667 4547 Flaccus
1691 4509 1749 4546 earn
1774 4491 1912 4560 amplexus
1937 4495 1989 4558 est,
2014 4492 2049 4545 01.
2069 4491 2144 4546 Serv.

329 4583 396 4638 Aen.
421 4581 498 4649 VIII,
528 4586 592 4639 203:
621 4582 700 4648 ,Sane
727 4583 761 4636 dc
789 4581 857 4638 Caco
885 4583 1045 4652 interempto
1074 4583 1106 4636 ab
1134 4583 1251 4637 Hercule
1275 4589 1328 4636 tam
1354 4583 1448 4636 Graeci
1474 4598 1553 4650 quarn
1580 4581 1691 4635 Romani
1721 4580 2007 4648 00000011001,00100
2033 4580 2145 4634 Verrius

330 4668 441 4723 Flaccus
463 4671 528 4725 dicit
551 4671 685 4725 Garanum
714 4673 797 4724 101000
820 4675 953 4739 pastorem
978 4689 1133 4742 magnarum
1158 4672 1262 4738 11111110,
1287 4673 1329 4740 qui
1355 4672 1452 4726 Carrun
1480 4671 1593 4724 adflixit‘
1613 4687 1636 4723 o.
1652 4689 1676 4738 q.
1691 4687 1711 4724 0.
1749 4670 1790 4723 110
1819 4669 1868 4723 1100
1895 4673 1992 4724 conatu
2017 4669 2145 4738 patrios

331 4757 426 4812 heroes
445 4759 630 4815 introducendi
655 4761 690 4815 01.
710 4761 831 4826 hliinzer,
850 4759 867 4814 l.
887 4760 904 4813 l.
925 4777 949 4829 p.
969 4767 1030 4816 608.

490 4865 512 4934 ¹)
539 4867 623 4921 Recte
643 4865 761 4922 Cauaras
780 4866 807 4936 (l.
827 4867 844 4922 l.
864 4885 889 4936 p.
912 4871 990 4936 rost)
1018 4867 1116 4922 iniuste
1140 4869 1255 4923 iudicare
1284 4870 1318 4921 de
1345 4871 1423 4935 poeta
1445 4867 1509 4922 dicit
1534 4869 1666 4934 putantes,
1690 4867 1768 4934 „dass
1793 4882 1823 4918 er
1840 4866 1883 4918 die
1908 4864 2048 4920 einzelnen
2072 4865 2144 4934 Ziige

329 4954 415 5009 durch
434 4955 573 5008 miihsame
592 4955 702 5011 Studien
722 4956 986 5026 zusammengeleeen
1005 4958 1077 5011 bat.“

490 5062 512 5131 ⁴)
542 5061 657 5116 Versum
684 5069 726 5118 25.
746 5081 761 5118 e
781 5063 909 5117 Varronis
936 5062 1011 5117 libris
1030 5063 1142 5117 fluxisse
1169 5067 1241 5118 certo
1270 5081 1355 5132 paene
1381 5064 1480 5118 certius
1503 5079 1563 5119 esse
1590 5064 1710 5117 affirmat
1729 5059 1837 5136 Carolus
1861 5061 1976 5116 Schenkl
1997 5061 2143 5131 (Deutsohe

330 5151 586 5220 Litteraturzeitung
608 5156 683 5217 1886,
703 5168 728 5220 p.
752 5155 824 5221 reon
852 5155 886 5208 01.
907 5153 1055 5210 Rothstsin.
1077 5154 1137 5208 edit.
1158 5157 1220 5206 torn.
1241 5155 1276 5208 ll.
1296 5171 1321 5221 p.
1342 5158 1402 5220 289,
1422 5158 1472 5208 2114
1495 5155 1521 5206 et
1541 5153 1652 5220 append.
1673 5167 1697 5220 p.
1717 5155 1777 5206 379.

1930 5247 1944 5294 'l
