4930 5978
1176 419 1331 518 ..l-⁶„

508 631 629 700 Cacum
648 629 768 698 inducit
788 631 895 698 verbis
915 631 1019 698 hisee:
1043 634 1190 717 ,λῃστής
1211 658 1252 703 τις
1274 635 1471 720 ἐπιχώριος
1495 633 1589 720 ὄνομα
1614 632 1736 708 liciace.
1781 638 1876 718 Quod
1895 640 2000 725 magis
2021 642 2161 709 concinit

349 761 421 806 cum
444 739 602 825 Propertii
626 759 720 806 versu
744 759 843 805 nouo:

790 846 934 932 ‚lncola
959 847 1063 913 Cacus
1088 855 1167 931 erat,
1192 848 1364 938 metuendo
1388 856 1523 934 raptor
1546 851 1589 916 ab
1614 853 1717 916 antro‘

349 975 445 1038 quam
468 974 540 1021 cum
564 953 670 1020 verbis
694 953 790 1039 Livii,
814 975 834 1019 a
858 974 921 1038 quo
946 953 1041 1019 horno
1065 952 1119 1018 ille
1143 955 1320 1022 sceleratus
1344 955 1524 1024 venditetur
1548 959 1722 1041 ,pastor‘.

509 1079 559 1146 De
580 1079 654 1146 dolo
670 1079 758 1164 Caci,
782 1100 913 1165 prorsus
937 1079 1020 1145 sicut
1045 1079 1240 1164 Propertius,
1265 1080 1442 1166 Dionysius
1465 1079 1564 1147 habet
1588 1081 1684 1148 haec:
1711 1079 1835 1166 ,Ὀλίηας
1858 1083 1892 1148 δέ
1914 1109 1993 1157 τινας
2016 1089 2046 1159 ἐξ
2069 1089 2165 1154 αὐτῶν

351 1187 433 1272 (soii.
453 1194 510 1253 τῶν
531 1189 619 1276 βοῶν)
639 1188 680 1259 εἰς
698 1190 731 1252 τὸ
751 1187 853 1273 ἄντρον
871 1235 879 1250 .
897 1234 905 1251 .
923 1235 930 1252 .
963 1187 1177 1273 ἀποκρύπτεται
1195 1185 1319 1272 ἔμπαλιν
1335 1194 1386 1273 τῆς
1401 1189 1477 1254 κατὰ
1494 1188 1579 1274 φύσιν
1594 1193 1652 1260 τοῖς
1669 1189 1754 1274 ζῴοις
1768 1193 1889 1276 πορείας
1904 1191 1938 1279 (i.
1955 1213 1981 1258 e.
1999 1199 2166 1282 ,aversas‘l

352 1297 552 1381 ἐπισπώμενος
579 1297 705 1379 ἑκάστην
733 1293 796 1359 κατ’
830 1295 919 1380 οὐράν
947 1293 998 1377 (cs.
1024 1294 1139 1379 ,cauda
1168 1294 1265 1360 traxit
1295 1294 1328 1359 iu
1358 1305 1450 1360 antra
1478 1296 1610 1376 bovos‘).
1657 1293 1750 1360 Τοῦτο
1775 1297 1809 1361 δέ
1836 1297 1918 1385 αὐτῷ
1947 1305 2005 1364 τῶν
2032 1302 2166 1390 ἐλέγχων

352 1403 517 1494 οἱφανισμὸν
545 1402 668 1467 ἐδύνατο
696 1407 861 1490 παρασχεῖν
889 1401 941 1488 (ci.
970 1423 1021 1488 ,ne
1045 1409 1133 1468 certa
1156 1403 1261 1468 lcrent
1283 1401 1475 1468 manifestae
1499 1403 1593 1486 signa
1616 1404 1775 1488 rapinae‘)
1802 1405 1931 1476 ἐναντίας
1955 1409 2168 1496 φανησομένης

351 1513 409 1579 τοῖς
432 1507 525 1595 ἴχνεσι
555 1515 606 1594 τῆς
630 1511 721 1576 ὀδοῦ).
770 1511 821 1576 De
844 1510 949 1575 bubus
974 1509 1048 1575 dein
1072 1530 1108 1575 se
1132 1509 1221 1594 ipsos
1244 1509 1453 1594 prodentibus
1481 1509 1657 1595 Dionysias
1689 1531 1792 1594 acque
1823 1533 1862 1578 ac
1890 1513 2000 1580 Livius
2030 1516 2162 1600 copiose

351 1625 470 1682 narrat.
510 1615 595 1681 Livii
615 1617 715 1682 verba
735 1623 808 1682 sunt
828 1615 926 1683 haec:
953 1616 1042 1702 ,Inde
1063 1637 1134 1682 com
1153 1625 1245 1682 actae
1265 1617 1368 1683 boves
1389 1617 1549 1700 quaedam
1569 1617 1612 1682 ad
1634 1618 1838 1704 desiderium,
1863 1627 1897 1684 ut
1915 1619 1959 1704 lit,
1984 1623 2165 1689 relictarum

351 1723 539 1808 mugissent,
554 1721 682 1788 reddita
698 1721 891 1788 inclusarum
906 1745 947 1791 ex
964 1724 1119 1809 spelunca
1130 1725 1225 1790 boum
1238 1724 1661 1791 vochrculemconvertit‘.
1680 1725 1828 1812 Dionysii
1845 1748 1921 1794 vero
1939 1729 2164 1796 elocutionem:

352 1833 568 1917 ,ἀντεμυκῶντο
597 1829 676 1911 (scil.
701 1831 732 1895 αἱ
755 1829 837 1917 βόες)
866 1835 929 1901 ταῖς
958 1829 1096 1896 ἔκτοσθεν
1125 1832 1175 1897 καὶ
1198 1832 1361 1915 ἐγεγόνει
1390 1834 1409 1916 ἡ
1433 1834 1537 1918 φωνὴ
1566 1831 1681 1896 αὐτῶν
1710 1834 1907 1919 κατήγορος
1934 1841 1994 1920 τῆς
2025 1840 2168 1922 κλοπῆς*

352 1938 473 2022 magis
493 1937 678 2022 conspirare
699 1957 770 2003 cnm
789 1937 947 2022 Propertii
968 1937 1101 2022 ,iurem
1122 1958 1286 2004 sonuere
1306 1938 1456 2023 iuvend‘,
1479 1937 1551 2022 quis
1571 1945 1621 2005 est
1640 1939 1715 2022 quin
1735 1940 1934 2023 cognoscat?
1957 1941 2052 2019 Quod
2062 1950 2169 2008 antem

352 2045 466 2111 attinet
489 2043 533 2111 ad
557 2064 659 2129 genas
682 2043 909 2128 interficiendi,
933 2045 1110 2130 Dionysius
1137 2065 1264 2129 qnoque
1295 2045 1411 2111 refert:
1445 2043 1609 2130 ,Ἡρακλῆς
1638 2047 1671 2109 δὲ
1699 2048 1807 2111 ἀλοιῶν
1836 2046 1925 2110 αὐτὸν
1953 2053 1995 2132 τῷ
2025 2050 2170 2134 ῥοπάλῳ

353 2153 475 2220 κτείνεε.
521 2153 569 2217 Ac
598 2151 685 2234 quod
715 2151 898 2235 Propertius
929 2151 970 2218 de
1001 2151 1122 2218 foribus
1151 2153 1193 2218 ab
1217 2153 1355 2218 Hercule
1380 2151 1522 2219 effractis
1547 2153 1634 2218 canit
1656 2172 1751 2218 versu
1777 2157 1833 2219 14:

908 2259 1010 2344 ,Puris
1035 2267 1067 2325 et
1089 2259 1281 2344 implacidas
1306 2259 1401 2326 diruit
1423 2260 1472 2325 ira
1495 2259 1631 2343 fores,‘¹)

352 2367 528 2453 Dionysius
551 2367 686 2452 praebet
703 2365 882 2432 consimilia
905 2365 1162 2450 (ἐπικατασκάπτει
1184 2371 1226 2452 τῷ
1250 2369 1345 2432 κλωπὶ
1367 2369 1400 2432 τὸ
1425 2369 1601 2455 σπήλαιον),
1626 2367 1721 2432 nihil
1742 2366 1870 2433 omnino
1890 2367 2010 2435 Livius.

512 2473 662 2560 Dionysii
686 2473 782 2558 igitur
805 2493 876 2539 cum
902 2473 1068 2558 Propertio
1093 2473 1317 2541 similitudines
1345 2474 1488 2541 nonnihil
1510 2474 1748 2560 praevalere
1777 2473 1873 2540 facile
1898 2473 2087 2540 diiudicabit
2118 2473 2171 2558 qni

354 2581 555 2648 narrationes
582 2588 613 2646 et
634 2580 721 2648 Livii
746 2590 779 2648 et
799 2581 951 2666 Dionysii
975 2601 1047 2648 cnm
1070 2581 1229 2667 Propertii
1253 2582 1399 2648 versibus
1423 2582 1646 2667 composuerit.

513 2705 580 2773 Sed
605 2705 893 2790 quomodocunque
924 2705 1006 2772 haec
1034 2727 1086 2772 res
1115 2728 1151 2773 se
1180 2707 1289 2791 habel,
1322 2706 1483 2773 artissimo
1512 2706 1636 2772 conecti
1666 2707 1792 2772 vinculo
1825 2726 1958 2772 omnes
1987 2724 2044 2772 eos
2074 2705 2172 2790 scrip·

352 2809 439 2881 tores
468 2813 571 2896 quivis
598 2813 774 2898 intelleget.
834 2814 947 2897 ltaque
990 2813 1149 2881 Tnerkius
1182 2814 1223 2880 de
1266 2813 1358 2880 huius
1399 2813 1531 2879 tabulae
1569 2813 1749 2879 Herculeae
1792 2821 1957 2879 auctorum
1990 2812 2044 2896 qui
2099 2812 2170 2878 luce

354 2920 471 2987 clarior
506 2928 642 3007 apparet
671 2939 831 2987 consensu
863 2921 1055 2987 sententiam
1084 2922 1225 2988 breviter
1252 2920 1343 3006 ponit
1371 2919 1455 2986 hanc
1491 2921 1536 3008 (p.
1567 2923 1643 3000 38):
1673 2919 1841 3004 ‚Equidem
1882 2940 1938 2986 cos
1976 2920 2020 2985 ad
2051 2919 2171 2987 sontem

355 3027 565 3112 antiquiorem
588 3027 693 3094 redire
718 3028 852 3113 conicio,
878 3048 1071 3112 quamquam
1095 3048 1167 3095 eum
1190 3029 1294 3113 ipsum
1317 3027 1461 3094 indicare
1485 3048 1549 3092 non
1572 3025 1701 3093 habeo!

514 3153 550 3218 ln
568 3159 664 3219 'tanto
689 3173 759 3220 com
783 3152 880 3220 totius
905 3153 1098 3220 narrationis
1127 3161 1193 3219 tum
1220 3154 1411 3219 minutarum
1440 3173 1565 3237 quoqne
1596 3171 1700 3217 rerum
1732 3157 1888 3218 concentu
1919 3151 1994 3235 quin
2026 3152 2172 3217 omnibns

355 3259 463 3327 nobile
488 3259 619 3343 aliquod
644 3261 824 3345 exemplum
848 3261 1047 3345 propositum
1071 3260 1201 3345 fuerim,
1233 3260 1372 3326 dubitari
1392 3280 1444 3326 me
1465 3278 1593 3343 quoque
1612 3257 1717 3324 iudice
1738 3257 1866 3323 omnino
1883 3277 1948 3322 non
1968 3258 2052 3342 licet,
2077 3258 2171 3324 nimis

355 3385 430 3434 vero
455 3366 564 3432 audax
587 3387 628 3433 ne
644 3366 758 3434 ridear
772 3387 896 3452 vereor,
922 3388 963 3434 cx
987 3367 1076 3434 cuins
1100 3369 1221 3452 gremio
1245 3375 1405 3453 prognata
1429 3367 1491 3433 sint
1514 3367 1571 3432 illa
1591 3366 1697 3433 omnia
1717 3365 1887 3433 enucleare
1906 3365 1972 3430 iarn
1990 3371 2172 3432 conaturus.

516 3493 554 3559 A.
578 3491 804 3580 Kiesslingius,
830 3515 923 3578 quem
946 3493 980 3559 in
999 3493 1151 3580 Dionysii
1174 3500 1243 3559 arte
1267 3493 1420 3560 historica
1450 3492 1620 3578 pensanda
1654 3491 1857 3577 peregrinum
1889 3497 1985 3574 atque
2013 3488 2173 3575 hospitem

358 3620 450 3666 nemo
473 3607 577 3686 vocet,
611 3601 684 3687 „De
714 3601 851 3688 Dionysi
880 3601 1123 3668 Halicarnassei
1153 3601 1376 3685 antiquitatum
1399 3599 1583 3666 auctoribus
1608 3599 1753 3682 Latinis‘,
1783 3597 1871 3682 Lips.
1899 3600 1994 3682 1888,
2019 3597 2060 3662 de
2084 3596 2172 3662 tonte

356 3708 441 3775 unde
464 3708 690 3794 Dionysius
713 3717 857 3776 nostram
880 3709 1025 3776 fabulam
1048 3708 1191 3776 hauserit
1214 3708 1336 3775 iudicat
1360 3708 1407 3774 sic
1431 3707 1475 3794 (p.
1499 3708 1571 3787 39):
1595 3703 1784 3790 ,Euandri
1808 3704 2083 3788 Herculisque
2106 3723 2171 3769 res

357 3824 523 3902 gestae,
554 3816 586 3881 in
621 3817 734 3900 quibus
772 3817 961 3884 enarrandis
996 3817 1127 3902 saepius
1159 3823 1307 3883 auctores
1332 3813 1468 3881 Romani
1493 3813 1682 3895 excitantur,
1718 3817 1752 3876 ut
1775 3811 1923 3896 ἑξηκοστῷ
1957 3812 2083 3896 μάλιστα
2114 3809 2171 3874 ἔτει

357 3923 495 4009 προτερον
541 3931 598 3988 τῶν
645 3921 785 4009 Τρωικῶν
832 3930 872 3997 ὡς
918 3926 1000 3990 αὐτοὶ
1044 3921 1185 4010 Ῥωμαῖοι
1232 3923 1363 4008 λέγουσιν
1410 3922 1450 4008 (Ι,
1490 3923 1555 4004 31),
1612 3917 1687 4003 quin
1733 3918 1906 3984 maximam
1961 3925 2084 4002 partem
2131 3939 2172 3982 ex

358 4031 556 4097 Varronis
589 4032 813 4116 antiquitatum
843 4033 932 4101 libris
966 4039 1115 4117 sumptae
1143 4032 1206 4099 sint
1226 4032 1307 4116 (scil.
1333 4053 1354 4096 ο
1377 4028 1561 4114 Dionysio),
1593 4026 1697 4092 nullus
1735 4025 1856 4110 dubito,
1896 4025 1956 4092 sed
1991 4024 2171 4090 accuratius

358 4161 398 4205 ea
421 4138 572 4223 persequi
594 4159 678 4206 nunc
702 4142 922 4225 supersedeo‘
968 4140 1119 4208 Graviter
1142 4140 1317 4207 dolendum
1340 4143 1399 4224 est,
1435 4135 1520 4221 quod
1545 4133 1592 4200 vir
1621 4133 1733 4200 doctus
1762 4132 1836 4198 huie
1868 4131 1915 4198 rei
1945 4131 2171 4198 retractandae

357 4245 427 4330 ipse
461 4244 569 4312 defuit.
618 4247 727 4314 Paene
759 4255 865 4314 autem
894 4249 1104 4335 profligarunt
1132 4247 1250 4315 nostris
1278 4247 1392 4314 diebus
1420 4243 1505 4309 hanc
1533 4239 1753 4324 quaestionem
1784 4239 1911 4305 Samter
1941 4237 2171 4324 (Quaestiones

360 4353 590 4439 Varronianae,
629 4353 768 4422 Berolin.
809 4357 907 4438 1891)
937 4363 970 4423 et
1001 4355 1142 4422 Geffken
1179 4355 1298 4435 (Herm.
1333 4361 1409 4419 tom.
1442 4347 1577 4432 xxvss,
1621 4346 1732 4411 Philol.
1772 4345 1898 4412 Unters.
1930 4345 2021 4429 Xlll,
2064 4349 2171 4429 1892),

359 4468 391 4528 et
436 4462 506 4548 ipse
543 4461 708 4529 Jacobson
739 4463 833 4548 (,Das
868 4463 1051 4531 Verhiiltnis
1091 4463 1150 4530 des
1189 4463 1316 4549 Dionys
1355 4481 1418 4526 von
1459 4456 1670 4522 Halicarnaso
1710 4473 1748 4518 zu
1787 4454 1887 4519 Varro
1925 4453 1957 4518 in
1997 4452 2055 4519 der
2096 4452 2172 4517 Vor-

359 4568 543 4654 geschichte
574 4571 694 4656 Roms‘,
722 4570 832 4655 Progr.
861 4571 976 4638 Dresd.
1008 4571 1118 4659 1895),
1143 4591 1215 4636 cum
1239 4567 1401 4653 ceteroqui
1426 4562 1602 4646 Kiesslingi
1631 4561 1672 4626 de
1701 4561 1845 4626 Varrone
1867 4559 2017 4644 Dionysii
2040 4565 2171 4626 anctore

360 4676 539 4744 sententiae
562 4677 645 4744 iusto
669 4677 737 4745 iure
760 4678 889 4745 modum
906 4679 1045 4763 aliquem
1065 4678 1293 4763 imponendum
1314 4680 1455 4758 censeat,
1479 4671 1512 4736 in
1528 4670 1600 4736 hac
1620 4668 1660 4734 de
1677 4667 1814 4734 Hercule
1831 4668 1981 4749 (lacuque
1998 4672 2091 4750 parte
2107 4687 2172 4732 non

520 4891 541 4962 Ι)
569 4893 603 4946 cf.
622 4893 703 4962 Verg.
724 4893 791 4948 den.
811 4891 886 4960 vul,
907 4896 970 4946 262:

945 4983 1084 5051 ,Panditur
1103 4979 1236 5049 extemplo
1255 4979 1357 5034 toribus
1375 4977 1468 5030 domus
1487 4977 1545 5029 atra
1562 4971 1690 5028 revolsis}

521 5089 543 5161 ¹)
570 5089 622 5145 Pro
646 5095 718 5144 certo
747 5093 833 5158 potest
855 5091 985 5145 affirmari
1009 5107 1060 5146 nec
1083 5090 1187 5144 Livium
1211 5104 1228 5142 a
1249 5085 1385 5154 Dionysio,
1412 5099 1462 5138 noc
1481 5081 1637 5150 Dionysium
1665 5079 1773 5133 aLirio
1796 5079 1823 5132 in
1848 5095 1924 5132 usum
1950 5081 2071 5134 vocatum
2099 5093 2170 5146 esse;

362 5195 386 5236 ν,
405 5179 526 5248 inprimis
544 5177 573 5234 ll.
592 5177 754 5248 Lachmann,
773 5179 814 5233 De
833 5177 951 5234 lontibus
969 5177 1138 5234 historiarum
1157 5175 1184 5234 Τ.
1204 5177 1281 5245 Livii,
1301 5173 1416 5242 Gotting.
1440 5175 1516 5226 1891.
1544 5169 1566 5224 Ι.
1588 5186 1610 5232 p.
1632 5173 1674 5224 lo.
