4930 5978
1191 431 1352 533 —1-0—

366 647 473 731 atque,
498 641 699 729 quantumin
719 641 813 711 nobis
835 650 893 730 est,
917 642 1097 731 rideamus,
1120 667 1164 713 an
1185 646 1219 711 in
1236 646 1340 713 ardna
1361 649 1469 710 suaet
1487 639 1620 729 ancipiti
1634 641 1690 710 ria
1705 640 1758 711 hic
1773 641 1840 712 illic
1855 641 2000 712 titubarit
2014 643 2183 715 Tuerlrius.

366 753 402 817 ln
426 751 513 836 quod
535 752 732 835 inquirentes
757 751 925 835 quominus
949 752 1033 820 alias
1061 754 1089 820 si
1117 774 1200 838 quae
1229 760 1400 821 occurrent
1423 752 1638 838 difficultates,
1669 752 1784 837 quibus
1815 752 1937 820 mederi
1968 773 1987 819 e
2017 774 2051 820 re
2073 763 2184 821 nostra
2282 739 2284 746 ’

364 860 433 945 erit,
459 863 499 930 ὡς
521 861 552 923 ἐν
574 859 699 945 παρόδῳ
720 859 926 946 attingamus,
952 860 999 926 nil
1021 861 1166 947 impedit.

523 1165 561 1230 ln
590 1164 740 1231 carminis
770 1165 920 1234 secundi
949 1165 1003 1246 (de
1033 1166 1218 1248 Vertumuo)
1251 1167 1495 1252 antiquitatibus
1530 1167 1574 1233 ad
1607 1167 1728 1234 fontem
1761 1188 1852 1234 suum
1884 1165 2063 1234 referendis
2096 1167 2181 1234 Livii

365 1273 541 1338 auctoritas
565 1293 722 1355 nusquam
738 1273 894 1339 excitatur
917 1273 1022 1340 ariro
1047 1273 1142 1340 docto
1167 1275 1275 1358 itaque
1300 1275 1379 1342 satis
1403 1275 1524 1341 habere
1548 1295 1717 1360 possemus
1746 1295 1817 1341 cum
1845 1275 1987 1341 'Puerkio
2016 1275 2181 1356 ,didicisse

364 1379 640 1465 Propertium...
666 1400 707 1445 ex
729 1380 872 1446 Varrone
894 1379 1061 1465 bausisse',
1085 1381 1148 1447 nisi
1165 1381 1318 1468 (lacerus,
1344 1383 1550 1449 Tuerkianae
1568 1382 1805 1449 dissertationis
1825 1404 1994 1449 censuram
2014 1382 2181 1466 exhibens,

365 1487 407 1553 de
428 1489 571 1554 Varrone
600 1494 730 1554 auctore
752 1486 944 1553 dubitationi
965 1487 1111 1555 dedisset
1130 1490 1245 1574 locum,
1271 1511 1343 1557 oum
1362 1491 1517 1557 scriberet
1537 1491 1569 1574 (l.
1592 1492 1613 1558 l.
1637 1511 1669 1575 p.
1697 1491 1810 1576 1580):
1839 1491 1903 1577 ,Es
1927 1489 2090 1576 empfiehlt
2113 1489 2181 1556 sich

365 1594 418 1661 die
441 1595 610 1660 Annahme
633 1595 730 1680 nicht,
755 1595 833 1661 dass
856 1596 995 1680 Propera
1020 1595 1109 1663 diese
1131 1599 1214 1680 (soil.
1240 1597 1293 1664 die
1317 1598 1537 1685 varronische)
1561 1598 1745 1682 Eruithlung
1767 1600 1898 1665 benutzt
1920 1597 1986 1682 hat,
2012 1597 2056 1663 da
2080 1599 2181 1662 Varro

365 1702 414 1768 als
437 1702 560 1768 Piihrer
584 1702 641 1768 der
665 1702 886 1769 etruskischen
911 1703 1023 1789 Sohar,
1054 1705 1178 1772 welche
1207 1705 1270 1772 den
1300 1705 1563 1772 Vertumnuskult
1585 1705 1668 1771 nach
1694 1707 1772 1772 Rom
1798 1705 1955 1790 gebracht
1976 1705 2085 1771 haben
2109 1704 2180 1788 soll,

366 1809 524 1875 Caelius
554 1809 730 1876 Vibenna
759 1817 868 1895 neunt,
900 1810 1055 1877 withrend
1083 1813 1222 1897 Propera
1246 1813 1309 1880 den
1334 1813 1437 1880 Sohn
1461 1813 1528 1880 des
1554 1813 1795 1898 Lycomedes
1818 1814 1868 1879 als
1891 1812 2002 1879 Leiter
2026 1811 2083 1878 der
2106 1811 2181 1876 Ein-

365 1915 566 2000 wanderung
589 1917 807 1985 bezeichnet.“

525 2042 612 2108 Sane
635 2043 821 2128 Propertius
846 2043 977 2110 exhibet
999 2066 1030 2110 ν.
1055 2049 1098 2110 49
1123 2065 1206 2129 sqq:

847 2152 899 2236 ,Et
922 2158 966 2235 tu,
990 2153 1102 2237 Roma,
1127 2153 1208 2218 meis
1231 2152 1370 2218 tribuisti
1392 2154 1537 2240 praemia
1560 2154 1686 2239 Tuscis,

847 2259 941 2326 Unde
965 2259 1063 2327 hodie
1087 2261 1176 2326 vicus
1199 2261 1329 2328 nomina
1353 2262 1476 2328 Tuscus
1500 2262 1609 2347 habet,

848 2367 1006 2451 Tempore
1031 2388 1093 2450 quo
1118 2368 1215 2435 sociis
1238 2369 1325 2434 venit
1347 2369 1613 2454 Lycomedius
1637 2369 1734 2435 armis

846 2476 950 2559 Atque
975 2475 1099 2542 Sabina
1121 2475 1182 2540 feri
1206 2475 1350 2542 contudit
1374 2497 1464 2542 anna
1486 2476 1580 2542 'Pati’

526 2598 701 2665 Varronem
729 2605 841 2664 contra
869 2599 997 2667 tradere
1030 2599 1176 2668 videmus
1201 2601 1242 2667 de
1269 2602 1347 2686 ling.
1373 2602 1429 2667 lat.
1459 2602 1495 2686 V,
1526 2605 1586 2668 46:
1622 2602 1668 2685 ,ln
1698 2601 1888 2668 Suburanae
1920 2597 2061 2683 regionis
2088 2603 2181 2682 parte

366 2707 516 2793 princeps
537 2712 587 2772 est
604 2705 733 2772 Caelius
750 2726 842 2771 mons
863 2727 883 2771 a
901 2706 992 2773 Ccle
1008 2707 1197 2793 Vibenna,
1213 2709 1319 2775 Tusco
1335 2708 1416 2776 duce
1432 2708 1542 2793 nohili,
1564 2709 1618 2793 qui
1635 2729 1706 2774 cum
1723 2728 1782 2774 sua
1796 2727 1894 2774 manu
1911 2705 2027 2772 dicitur
2046 2705 2181 2770 Romulo

367 2814 497 2881 venisse
508 2813 628 2879 auxilio
645 2813 1026 2898 contra'latiumregem:
1044 2815 1202 2900 hinopost
1213 2816 1299 2882 Celis
1312 2816 1444 2901 obitum,
1467 2815 1554 2901 quod
1573 2816 1667 2882 nimis
1687 2816 1808 2882 munita
1827 2815 1901 2881 loca
1917 2820 2063 2880 tenerent
2078 2830 2182 2895 neque

370 2921 440 2988 sine
465 2921 647 3006 suspicione
677 2928 794 3006 essent,
827 2920 956 2988 deducti
987 2921 1133 2988 dicuntur
1162 2923 1196 2988 in
1222 2923 1364 3008 planum.
1410 2925 1460 2989 Ab
1492 2924 1539 2990 eis
1569 2923 1672 2990 dictus
1702 2923 1791 2990 vicus
1816 2923 1939 2989 'luscus
1970 2927 2002 2987 et
2032 2918 2107 2985 ideo
2138 2917 2184 2982 ihi

367 3029 574 3095 Vortumnum
597 3035 683 3094 stare
704 3029 833 3113 quodie
850 3029 930 3096 deus
946 3030 1094 3096 Etruriae
1109 3031 1279 3115 princeps'.
1322 3031 1470 3098 Maneret
1485 3030 1580 3116 igitur
1597 3030 1712 3097 Caneri
1729 3029 1897 3113 dubitatio,
1921 3028 1949 3095 si
1965 3024 2183 3114 Lycomedius

368 3143 456 3203 esset
471 3136 715 3221 patronymicon
731 3135 818 3218 quod
833 3144 951 3203 vocant
968 3146 1000 3203 et
1019 3137 1216 3222 signiticaret
1236 3137 1345 3224 ,filium
1360 3137 1578 3224 Lycomedis‘.
1618 3139 1688 3204 Nec
1711 3158 1787 3204 vero
1811 3136 1962 3203 reluctari
1984 3133 2182 3218 Propertium

370 3244 506 3310 Varroni
531 3245 698 3328 clarescet,
723 3244 750 3309 si
774 3245 871 3328 paulo
895 3243 988 3312 altius
1011 3245 1263 3331 repetiverimus.

529 3353 661 3418 Veteres
685 3350 749 3417 iam
773 3353 955 3438 scriptores,
980 3353 1133 3437 quidnam
1148 3353 1292 3420 lacerent
1316 3355 1474 3420 vocabulo
1500 3355 1675 3439 ,Lucumo‘,
1699 3353 1732 3418 in
1752 3352 1873 3419 incerto
1893 3351 2067 3418 habebant.
2102 3345 2184 3413 Huic

373 3461 426 3526 vel
458 3459 504 3524 illi
536 3458 709 3526 videbatur
741 3480 816 3526 esse
847 3480 981 3527 nomen
1014 3461 1223 3545 proprium,
1256 3462 1355 3528 veluti
1388 3461 1429 3529 de
1462 3469 1570 3529 nostro
1603 3462 1675 3547 ipso
1706 3460 1787 3527 duce
1816 3459 1912 3527 Dion.
1941 3459 2014 3524 Hal.
2049 3455 2091 3540 ll,
2124 3457 2184 3520 37:

372 3564 451 3654 {Hae
475 3567 508 3630 δὲ
533 3566 613 3652 αὐτῷ
638 3564 795 3654 Τοῤῥηνῶν
820 3567 987 3654 ἐπικουρίαν
1011 3569 1112 3653 ἱκανὴν
1135 3567 1216 3653 ἄγων
1240 3571 1274 3634 ἐκ
1298 3569 1448 3634 Σολωνίου
1472 3569 1590 3640 πόλεως
1619 3570 1692 3654 ἀνὴρ
1716 3569 1888 3654 δραστήριος
1916 3567 1966 3630 καὶ
1993 3564 2029 3628 τὰ
2057 3562 2184 3647 πολέμια

369 3675 524 3760 διαφανὴς,
555 3673 702 3759 Λοκόμων
732 3673 860 3760 ὄνομα,
892 3676 978 3762 φῦκος
1002 3675 1035 3739 ob
1059 3677 1116 3762 πρὸ
1147 3680 1258 3741 πολλοῦ
1286 3681 1435 3761 peruror!
1479 3677 1649 3760 Hodieque
1672 3682 1745 3742 sunt
1777 3674 1831 3759 qui
1863 3673 1897 3739 in
1929 3672 2013 3737 hunc
2046 3689 2184 3736 errorem

367 3782 544 3867 rapiantur.
584 3781 668 3848 Vicit
684 3803 760 3848 vero
777 3781 896 3849 dudum
913 3784 1082 3868 sententia,
1108 3803 1171 3868 qua
1187 3784 1330 3851 Lucumo
1353 3785 1513 3862 (Etnrsoer
1531 3784 1710 3869 ,lauehme’)
1729 3781 1874 3866 putanda
1896 3786 1945 3846 est
1965 3776 2187 3845 honorifica

369 3887 590 3974 appellatio
616 3888 787 3955 cuiusvis
810 3889 964 3975 principis
995 3892 1102 3976 Tusci,
1127 3891 1181 3974 qui
1204 3893 1378 3978 praecipue
1402 3891 1581 3959 sacerdotis
1605 3891 1675 3958 vice
1698 3889 1909 3974 fungebatur;
1940 3886 2005 3953 vid.
2031 3883 2185 3949 Niebuhr.

368 3999 408 4063 H.
439 3999 474 4064 R.
505 3997 532 4080 I,
566 3999 638 4081 137,
671 3996 704 4062 O.
728 3996 765 4064 0.
789 3997 924 4064 Mueller
947 3998 988 4066 de
1012 3999 1155 4066 Etruscis
1189 4000 1231 4079 ll,
1259 4002 1291 4084 2,
1316 4003 1346 4085 3,
1371 4020 1402 4084 p.
1426 4003 1501 4066 363.
1548 4000 1613 4066 Res
1637 4019 1714 4082 ergo
1738 3998 1785 4063 ita
1809 4017 1844 4062 se
1867 3995 1989 4061 habere
2011 3997 2130 4076 potest,
2154 3996 2188 4055 ut

369 4104 556 4190 Propertius
595 4124 793 4172 communem
824 4105 976 4172 titulum
1013 4106 1243 4192 (Lycomedius
1264 4135 1308 4166 =
1331 4107 1499 4194 Lucumo),
1535 4107 1635 4173 Vama
1670 4124 1805 4172 nomen
1835 4101 2031 4189 proprium
2057 4097 2187 4180 (Caeles

369 4213 532 4299 Vibenna)
555 4213 726 4297 praebeat3
751 4211 790 4278 cf.
816 4213 902 4296 quod
921 4213 1115 4280 Niebuhrius
1138 4215 1177 4280 H.
1198 4215 1235 4281 R.
1256 4215 1282 4300 I,
1307 4218 1373 4281 330
1397 4214 1525 4281 dehac
1550 4214 1712 4282 nominum
1736 4210 1924 4279 confusione
1948 4207 2071 4275 adfert:
2097 4205 2187 4291 „Der

368 4320 562 4388 romulischc
586 4322 729 4388 Lucumo
754 4322 795 4388 ist
818 4322 895 4389 kein
919 4321 1057 4390 anderer
1077 4324 1126 4390 als
1148 4323 1207 4388 der
1226 4322 1391 4389 tuslrische
1411 4323 1616 4408 Hauptmann
1640 4321 1757 4388 Caeles
1779 4319 1937 4403 Vibenna,
1961 4316 2019 4382 der
2040 4313 2108 4380 sich
2129 4312 2186 4378 mit

370 4428 478 4494 seiner
496 4429 599 4496 Sohar
615 4428 673 4494 auf
682 4432 793 4513 Jenem
808 4430 924 4516 Berge,
950 4431 1008 4496 der
1023 4430 1087 4497 deu
1103 4431 1230 4498 Namen
1245 4451 1310 4497 von
1324 4429 1390 4495 ihm
1407 4429 1612 4515 emplaugen,
1637 4426 1901 4512 niedergelassen
1920 4422 2028 4490 haben
2049 4419 2109 4487 soll
2127 4469 2135 4484 .
2153 4471 2160 4486 .
2180 4469 2187 4484 .

369 4535 431 4602 Die
455 4536 706 4623 Vardoppelung
729 4538 778 4603 als
803 4537 947 4605 Lucumo
971 4538 1037 4604 und
1061 4540 1110 4605 als
1135 4539 1265 4606 Caelius
1288 4538 1411 4604 kommt
1433 4557 1496 4604 von
1520 4536 1637 4622 denen,
1670 4535 1722 4602 die
1747 4538 1842 4619 Jenes
1871 4531 1923 4598 sur
1951 4530 2046 4598 einen
2069 4527 2186 4612 Eigen-

368 4666 487 4712 namen
510 4645 661 4712 hielten.“

529 4753 618 4831 Quod
647 4752 674 4819 si
704 4773 769 4820 non
798 4751 882 4819 falso
913 4752 1077 4838 conicitur,
1101 4754 1154 4820 rel
1194 4775 1266 4820 eam
1295 4753 1337 4820 ob
1364 4771 1496 4819 oausam
1524 4750 1632 4818 dicere
1663 4772 1726 4818 non
1759 4751 1835 4817 licet
1866 4748 1907 4814 de
1940 4743 2191 4814 dissensione

368 4860 525 4944 Propertii
547 4881 586 4927 ao
610 4860 773 4928 Varronis.
820 4860 887 4928 Sed
916 4860 1003 4927 haud
1026 4861 1094 4927 scio
1120 4880 1163 4926 an
1190 4861 1307 4928 certius
1335 4881 1403 4927 rem
1426 4866 1569 4927 nostram
1602 4880 1700 4944 agero
1732 4858 1894 4944 possimus
1927 4850 2190 4942 aliamssamplexi

369 4966 673 5053 interpretationem,
699 4988 782 5052 quae
806 4989 938 5034 manare
963 4969 1088 5034 videtur
1112 4989 1153 5034 cx
1176 4968 1357 5053 insequenti
1381 4989 1445 5052 qua
1469 4989 1550 5055 opus
1575 4975 1624 5034 est
1647 4965 1879 5051 disquisitione.

529 5075 705 5159 Superesse
731 5076 817 5141 enim
841 5075 882 5142 de
906 5096 967 5160 quo
993 5076 1167 5161 disceptari
1190 5076 1294 5162 possit
1316 5076 1423 5145 rideo.
1468 5076 1611 5155 Quaerat
1629 5075 1740 5143 forsan
1760 5073 1848 5158 quis:
1873 5073 1925 5138 Au
1948 5067 2187 5160 ,Lycomedius‘

368 5181 454 5249 idem
478 5189 527 5250 cst
550 5204 590 5250 ao
614 5183 801 5269 ,Lucumo‘l
