4930 5978
1261 482 1302 546 12

524 695 666 760 Livius
691 693 732 760 de
757 693 817 760 hoe
840 694 947 760 Tusco
972 691 1053 760 duce
1078 693 1122 759 nil
1146 694 1320 761 memoriae
1349 695 1491 780 prodidit
1520 695 1575 781 (de
1599 697 1777 764 Luceribus
1801 698 1901 766 babet
1924 701 1950 785 I,
1978 705 2029 786 13,
2051 705 2090 768 8:
2114 703 2188 787 ,Lu-

365 825 471 872 cerum
495 803 633 870 nominis
658 809 690 868 et
714 801 847 886 originis
872 821 972 867 eausa
996 801 1119 868 ineerta
1143 802 1216 887 est';
1251 802 1290 868 of.
1316 803 1406 870 Serv.
1432 804 1450 871 l.
1475 804 1519 892 1.),
1551 805 1683 889 eiusque
1717 805 1758 872 (le
1792 807 1884 874 vieo
1918 809 2047 876 Tusco
2080 811 2189 878 existi·

366 913 465 980 matio
489 933 510 976 a
533 909 687 976 Varronis
722 915 754 974 et
781 908 939 994 Propertii
972 907 1112 975 immane
1143 917 1296 992 quantum
1327 911 1499 996 discrepat.
1547 913 1632 978 Nam
1664 933 1734 980 oum
1764 913 1798 979 hi
1821 915 1918 1000 plane
1952 917 2189 986 consentientes

366 1019 583 1086 Romuleae
607 1016 708 1083 acuti
732 1015 890 1100 originem
913 1016 1010 1082 Tusci
1042 1015 1105 1082 vici
1128 1017 1306 1102 assignent,
1336 1017 1446 1086 Livius
1478 1018 1642 1085 conditum
1670 1020 1810 1088 Tuscum
1833 1022 1937 1088 vicum
1974 1023 2188 1092 Porsenae

366 1127 562 1212 temporibus
585 1125 674 1211 (aun.
699 1122 977 1209 506.)addicit1).
1031 1122 1079 1189 Ol.
1104 1123 1174 1189 Liv.
1199 1125 1241 1209 ll,
1268 1129 1319 1210 14,
1344 1129 1380 1192 9:
1413 1127 1503 1210 ,Pars
1528 1127 1706 1212 perexigua
1734 1127 1817 1214 (soil.
1846 1129 2073 1216 Etruseorum),
2105 1132 2187 1200 duee

365 1235 446 1318 (soil.
473 1236 603 1318 Arunte,
628 1233 693 1299 filio
718 1233 894 1316 Porsenae)
920 1231 1052 1316 amisso,
1087 1232 1162 1315 quia
1193 1233 1314 1300 nullum
1341 1234 1473 1318 propius
1502 1234 1683 1319 perfugium
1713 1242 1792 1321 erat,
1826 1238 1962 1303 Romam
1985 1238 2123 1306 inermes
2156 1250 2189 1307 et

367 1343 494 1410 fortuna
524 1348 556 1408 et
585 1340 693 1425 specie
727 1339 906 1425 supplicum
939 1337 1039 1405 delati
1072 1345 1154 1405 sunt.
1189 1339 1238 1404 lbi
1272 1340 1411 1424 benigne
1445 1341 1572 1426 excepti
1605 1342 1765 1426 divisique
1797 1344 1830 1408 in
1863 1345 2014 1429 hospitia.
2062 1346 2188 1414 Curatis

367 1451 553 1518 vulneribus
577 1449 633 1514 alii
657 1446 793 1533 profecti
819 1446 933 1513 domos
957 1446 1058 1512 nuntii
1082 1446 1290 1552 hospitalium
1315 1447 1552 1533 beneficiorum,
1577 1449 1694 1516 multos
1710 1451 1833 1517 Romae
1855 1451 2016 1536 hospitum
2040 1453 2191 1538 urbisque

369 1558 608 1628 caritasteuuit.
634 1555 694 1622 His
717 1555 807 1622 locus
822 1553 867 1620 ad
882 1554 1092 1620 habitandum
1116 1553 1220 1639 datus,
1246 1576 1358 1638 quem
1382 1555 1529 1622 deinde
1553 1556 1725 1622 Tuscum
1745 1557 1875 1624 vicum
1894 1561 2190 1643 appellarunt}

528 1665 642 1730 Talem
665 1662 916 1746 discrepantiam
939 1661 1083 1728 nonnihil
1105 1663 1214 1729 ualere
1238 1663 1266 1729 is
1290 1662 1457 1748 concedet,
1488 1663 1542 1746 qui
1565 1663 1740 1731 Tuerlxium
1763 1665 1902 1732 Liviana
1919 1668 2057 1752 vestigia
2087 1669 2191 1734 ubivis

369 1777 522 1860 detegere
546 1771 656 1839 conari
679 1771 811 1836 iamiam
833 1769 965 1836 videbit.

530 1935 701 2000 Liuianum
724 1932 936 1999 eruditionem
959 1932 1094 2017 primum
1118 1932 1150 1996 in
1175 1932 1282 2016 elegia
1306 1937 1446 2020 quartu,
1472 1953 1536 2018 qua
1559 1934 1600 2000 de
1623 1934 1766 2020 Tarpeia
1791 1935 1859 2020 agit
1880 1944 1989 2021 poeta,
2013 1937 2189 2022 indagasse

371 2045 433 2112 sibi
456 2044 582 2110 videtur
605 2041 774 2108 Tuerkius.
821 2041 963 2106 Maxima
988 2046 1095 2106 autem
1120 2061 1160 2105 ex
1184 2047 1276 2124 parte
1300 2039 1353 2106 hio
1377 2061 1505 2124 quoque
1529 2041 1683 2108 Varronis
1706 2042 1850 2109 thesauri
1866 2043 1899 2108 in
1916 2045 2191 2129 comparationem

371 2158 525 2220 vocantur
549 2153 590 2216 ab
616 2171 670 2217 eo:
696 2148 837 2216 ostendit
859 2168 943 2231 quae
960 2154 1058 2232 poeta
1074 2147 1114 2214 de
1132 2147 1291 2214 Parilibus
1312 2147 1453 2232 explicat
1463 2169 1639 2232 congruere
1660 2169 1732 2216 oum
1754 2150 1917 2235 Varrone,
1943 2151 2190 2236 descriptionem

371 2261 442 2344 loci,
476 2259 531 2325 ubi
562 2259 754 2326 Sabinorum
777 2263 884 2322 eastra
913 2255 1020 2341 posita
1045 2261 1146 2339 erant,
1179 2275 1238 2340 per
1270 2254 1475 2321 Plutarchum
1507 2256 1582 2336 (Vit.
1617 2257 1757 2342 Romuli)
1791 2257 1836 2323 ad
1868 2258 2045 2325 Varronem
2078 2259 2189 2344 reiert3

372 2368 546 2454 Tarpeiam
570 2367 689 2432 Vestae
713 2363 813 2430 fuisse
837 2362 1050 2446 sacerdotem,
1085 2363 1119 2428 id
1147 2363 1234 2446 quod
1262 2383 1326 2428 uon
1360 2383 1471 2429 omnes
1504 2363 1634 2428 tradunt
1667 2363 1849 2449 scriptores,
1883 2366 1981 2432 etiarn
2015 2367 2190 2434 Varronem

374 2477 490 2561 quique
515 2495 556 2540 ex
580 2495 618 2540 eo
643 2471 784 2557 pendent
807 2471 979 2556 protulisse
1004 2470 1099 2536 docet
1123 2471 1171 2534 vir
1195 2469 1318 2536 doctus.

532 2583 583 2648 De
607 2579 669 2646 hoc
692 2579 932 2646 sacerdotis
956 2599 1085 2644 munere
1110 2577 1208 2644 etiam
1233 2575 1343 2642 Livius
1367 2576 1549 2644 audiendus
1573 2585 1622 2644 est
1653 2579 1691 2663 (Ι,
1719 2583 1770 2662 11,
1794 2581 1843 2658 6);
1869 2580 1981 2663 ,Huius
2003 2583 2061 2666 (sc.
2079 2583 2187 2666 Spurii

373 2690 505 2776 Tarpei)
527 2689 627 2754 filiam
649 2687 849 2772 virginem
882 2706 959 2752 auro
994 2685 1165 2769 corrumpit
1187 2684 1311 2767 Tatius,
1341 2690 1376 2749 ut
1399 2691 1541 2751 armatos
1565 2685 1597 2750 in
1622 2707 1729 2753 aroenr
1758 2687 1907 2772 accipiat.
1956 2689 2080 2772 Aquam
2109 2689 2191 2756 sorte

375 2822 416 2867 ea
439 2807 504 2865 tum
529 2795 655 2862 saeris
680 2801 771 2861 extra
794 2793 923 2860 moenia
946 2793 1079 2878 petitum
1108 2791 1208 2858 ierat‘
1255 2791 1322 2858 Sed
1346 2791 1379 2856 in
1403 2813 1442 2858 eo
1464 2791 1576 2877 lapsus
1601 2800 1650 2859 est
1673 2793 1843 2878 Tuerhius,
1878 2794 1964 2878 quod
1991 2796 2190 2880 Propertium

375 2903 700 2996 Liviijnarrationem
724 2902 756 2967 in
780 2922 870 2968 usum
888 2922 979 2967 suum
995 2899 1192 2966 convertisse
1209 2899 1320 2965 statuit
1335 2900 1398 2965 bae
1414 2902 1692 2984 argumentatione
1715 2907 1758 2986 (p.
1776 2903 1859 2990 31.):
1877 2903 1991 2988 ,Atque
2007 2879 2190 2988 Tarpeiam,

377 3013 555 3084 sacerdotis
578 3031 708 3077 munere
733 3030 817 3094 quae
841 3009 1000 3093 fungatur,
1025 3028 1168 3092 aquam
1191 3007 1452 3073 haurientem
1474 3013 1572 3091 poeta
1596 3007 1687 3074 facit:

911 3117 1058 3202 ,Tarpeia
1082 3115 1165 3182 deae
1188 3115 1309 3180 fontem
1332 3113 1463 3182 libavit:
1487 3123 1521 3181 at
1544 3115 1591 3180 illi

909 3223 1055 3308 Urgebat
1078 3223 1218 3289 medium
1240 3221 1347 3288 fictilis
1370 3241 1451 3288 urna
1474 3225 1591 3308 capnt‘,

377 3354 457 3417 quos
504 3354 615 3400 versus
661 3334 705 3399 ad
742 3333 826 3398 Livii
865 3332 1082 3398 narrationem
1129 3329 1234 3397 redire
1273 3335 1307 3393 ut
1345 3329 1524 3396 existimem
1562 3329 1659 3396 facile
1698 3331 1852 3415 adducor,
1900 3331 2089 3416 praesertim
2123 3351 2192 3396 oum

376 3443 456 3508 iter
478 3441 683 3525 Tarpeiae
707 3440 756 3507 ad
788 3461 930 3523 aquam
961 3437 1228 3505 hauriendam
1259 3458 1279 3502 a
1313 3437 1421 3502 nullo
1445 3436 1523 3502 nisi
1555 3458 1575 3502 a
1599 3437 1722 3503 Livio
1758 3445 1795 3504 et
1817 3438 2030 3523 Propertio
2057 3459 2193 3504 comme-

377 3550 532 3615 moretur<
566 3548 603 3613 ld
622 3548 753 3633 neglegi
772 3554 888 3632 potest,
914 3546 1000 3631 qnod
1032 3546 1176 3612 Valerius
1204 3544 1363 3611 Maximus
1380 3544 1437 3628 IX,
1465 3547 1495 3629 6,
1521 3549 1535 3610 1
1557 3545 1669 3611 tradit:
1696 3545 1870 3630 ,Virginem
1897 3566 2034 3629 aquam
2066 3547 2193 3612 sacris

378 3656 544 3742 petitum
570 3662 660 3722 extra
684 3655 812 3722 moenia
837 3675 1003 3739 egressam
1026 3653 1138 3719 Tatius
1164 3702 1171 3716 .
1197 3702 1204 3717 .
1231 3703 1238 3717 .
1264 3651 1425 3736 eorrupit!
1473 3652 1594 3718 Valerii
1618 3672 1758 3736 namque
1783 3653 1914 3718 Maximi
1939 3652 2099 3736 quomodo
2125 3659 2194 3718 orta

379 3764 420 3831 sit
436 3763 581 3830 doctrina
592 3763 765 3847 quantique
787 3762 1000 3847 aestimanda,
1013 3761 1166 3841 animust).
1209 3759 1324 3825 Itidem
1335 3759 1421 3842 quod
1437 3759 1554 3826 Sextus
1571 3760 1719 3825 Aurelius
1741 3759 1850 3826 Victor
1865 3758 1906 3825 de
1922 3760 1999 3826 viris
2009 3760 2120 3826 illustr.
2132 3759 2156 3843 l,
2174 3763 2194 3823 2

380 3871 525 3939 exhibet:
551 3871 734 3956 ,Tarpeiam
750 3870 908 3955 virginem
924 3869 1020 3954 nacti,
1046 3889 1129 3952 quae
1154 3887 1288 3951 aquae
1313 3887 1433 3933 eausa
1457 3887 1664 3934 sacrorum
1687 3866 1936 3934 hauriendae
1961 3866 2194 3949 descenderat‘,

379 4001 444 4046 non
468 3980 551 4046 assis
574 3978 720 4044 facimus.

539 4087 638 4152 Multo
662 4085 793 4152 maioris
817 4085 969 4152 momenti
994 4085 1088 4151 nobis
1110 4082 1237 4150 ridetur
1261 4103 1334 4150 esse
1359 4081 1490 4148 Servius
1514 4080 1607 4147 buius
1632 4082 1679 4147 rei
1708 4082 1799 4148 testis
1826 4081 1885 4168 (ad
1899 4082 1981 4147 Aen.
2000 4081 2086 4165 VIII,
2104 4084 2194 4161 348):

382 4193 533 4281 ,Tarpeia
556 4192 653 4259 sedes
677 4192 764 4260 dieto
788 4201 837 4260 est
860 4214 881 4258 a
904 4192 1045 4277 Tarpeia
1069 4191 1203 4275 virgine.
1251 4191 1330 4257 Cum
1354 4189 1439 4256 enim
1462 4189 1616 4254 Romulus
1640 4196 1751 4255 eontra
1767 4189 1907 4256 Sabinos
1932 4189 2020 4255 bella
2043 4195 2196 4256 tractaret

381 4311 415 4370 et
437 4301 577 4386 Tarpeio
602 4300 730 4366 cuidam
761 4299 906 4366 dedisset
928 4320 1036 4366 arcem
1064 4298 1227 4382 tuendam,
1251 4297 1318 4362 filia
1343 4297 1412 4363 eius
1435 4296 1577 4381 Tarpeia
1600 4304 1784 4380 aquatum
1807 4296 2002 4381 prosecta
2025 4296 2057 4361 iu
2085 4296 2195 4362 hostes

383 4408 590 4476 incidit...
625 4407 716 4486 Quae
748 4407 814 4474 illic
852 4408 979 4492 sepulta
1017 4406 1178 4491 Tarpeiae
1218 4404 1289 4471 sedi
1338 4424 1455 4471 nomen
1491 4403 1652 4488 inposuit!
1710 4403 1805 4481 Quod
1838 4404 1882 4469 ad
1916 4404 2090 4469 Varronem
2123 4423 2195 4468 esse

382 4516 606 4583 remittendum
629 4515 662 4580 in
685 4515 816 4600 cognita
839 4514 943 4582 Servii
960 4534 1030 4581 oum
1058 4514 1113 4579 illo
1138 4513 1335 4598 polyhistore
1360 4510 1527 4577 adfinitate
1550 4509 1647 4578 facile
1664 4510 1806 4596 dabitur;
1830 4510 1871 4577 es.
1889 4510 1987 4577 etiam
2003 4511 2136 4576 Varron.
2154 4513 2195 4576 de

382 4626 459 4710 ling.
483 4625 538 4690 lat.
564 4624 601 4708 V,
626 4627 686 4688 41:
705 4623 775 4706 ,Hie
791 4643 883 4689 mons
898 4623 976 4702 (scil.
989 4621 1202 4707 Capitolinus)
1213 4627 1289 4687 ante
1305 4619 1464 4703 Tarpeius
1481 4617 1612 4684 dietus
1629 4640 1649 4685 a
1672 4618 1833 4703 virgine
1858 4618 1989 4686 Vestale
2005 4617 2194 4703 Tarpeis,

384 4753 468 4816 quae
492 4733 537 4797 ibi
560 4731 602 4796 ab
627 4731 757 4796 Sabinis
781 4736 898 4796 necata
921 4729 1018 4795 armis
1042 4736 1074 4795 et
1098 4729 1311 4814 sepulta'll.

545 4875 566 4940 ¹)
594 4875 629 4926 ei.
649 4873 726 4926 Dion.
747 4872 807 4927 Hal.
825 4872 859 4938 V,
879 4877 922 4937 36,
942 4871 1015 4926 Paul.
1035 4871 1108 4926 Diae.
1130 4889 1154 4940 p.
1174 4876 1226 4924 eet
1242 4871 1278 4924 M.

545 4963 567 5032 ¹)
595 4964 629 5017 ol.
650 4963 758 5030 Kompf,
777 4961 897 5031 Prolegg.
918 4963 972 5028 ed.;
992 4961 1021 5016 P.
1041 4962 1168 5028 Zsobcch,
1188 4962 1221 5015 de
1240 4959 1370 5015 Cicerone
1390 4962 1417 5013 et
1435 4959 1511 5014 Livio
1529 4957 1630 5012 Valerii
1648 4958 1758 5012 Maximi
1777 4956 1896 5012 lontibus
1915 4957 2002 5012 Berol.
2025 4961 2101 5014 leda

545 5053 566 5116 ⁸)
594 5055 629 5107 ct.
641 5056 746 5108 nostrae
761 5052 861 5122 elegiae
876 5069 901 5106 v.
914 5056 940 5106 1:
961 5052 1095 5120 ,Tarpeiae
1108 5055 1186 5120 turpe
1201 5049 1374 5118 sepulerum‘;
1395 5065 1420 5103 v.
1440 5055 1486 5104 93:
1506 5051 1539 5116 ,A
1554 5047 1622 5102 duee
1631 5047 1742 5114 Tarpeia
1751 5061 1828 5100 mons
1842 5049 1884 5100 est
1902 5063 2049 5116 cognomen
2067 5048 2195 5115 adeptus.

386 5145 455 5199 Plot.
474 5145 528 5197 vit.
558 5144 633 5198 Rom.
662 5142 767 5210 XVMI,
797 5148 822 5196 l:
851 5141 914 5216 ,Τῆς
943 5145 1032 5213 μέντοι
1060 5141 1192 5216 Ταρπηΐος
1218 5141 1273 5195 ἐκεῖ
1299 5141 1420 5210 ταφείσης
1440 5139 1453 5192 b
1473 5138 1552 5212 λόφος
1572 5138 1721 5206 ὠνομάζετο
1751 5135 1901 5212 Ἰὀρπήϊος.’
1947 5137 2018 5192 Fosi.
2039 5152 2064 5204 p.
2083 5141 2136 5190 343
2158 5135 2194 5191 M.

386 5235 463 5290 Dion.
483 5233 542 5288 uu.
563 5234 599 5300 ll,
619 5238 660 5288 40.
