4930 5978
1191 449 1349 546 ,6.-

364 659 410 724 Ae
438 679 541 724 rerum
569 666 601 724 et
628 657 880 743 appellationum
906 659 1047 742 origines
1075 658 1316 743 veriloquiaqne
1340 663 1519 726 sectantem
1542 666 1673 744 poetam
1697 661 1868 728 secundnm
1894 663 2082 732 Callimachi
2106 667 2184 732 rati-

364 785 458 832 onem
482 786 529 832 ex.
554 786 600 850 gr.
625 764 727 832 habes
752 788 777 832 c.
801 766 843 852 II,
867 768 910 832 49
934 786 997 850 sq.:

844 909 896 992 ,Et
918 915 961 994 tu,
986 909 1098 986 Roma,
1123 909 1204 976 meis
1226 909 1364 974 tribuisti
1388 909 1531 995 praemia
1554 909 1678 995 luscis,

844 1015 936 1082 Unde
960 1015 1057 1083 hodie
1081 1016 1170 1083 vicus
1193 1015 1324 1082 nomina
1347 1016 1470 1082 Tuscus
1493 1016 1615 1082 babeti‘

522 1144 548 1190 (t.
574 1123 627 1207 lv,
652 1125 712 1189 93:

840 1231 878 1314 ,A
902 1229 984 1297 duce
1007 1231 1149 1316 Tarpeia
1172 1251 1264 1297 mons
1289 1234 1339 1296 est
1362 1250 1542 1313 cognomen
1565 1229 1723 1316 adeptus!

521 1338 756 1422 cmbw

844 1444 927 1529 ‚Qua
952 1446 1135 1512 Velabra
1159 1465 1217 1512 sno
1242 1445 1439 1528 stagnabant
1462 1445 1591 1511 llnmine
1616 1466 1744 1531 qnaqnc

843 1553 952 1618 Nanta
974 1574 1032 1638 per
1057 1553 1197 1619 urbanas
1222 1551 1477 1618 velificabat
1493 1553 1615 1636 aquas!

520 1681 546 1726 e.
571 1661 610 1744 ll,
639 1663 679 1726 10
695 1679 781 1743 ⁸qu

842 1768 1097 1834 Vertumnus
1122 1787 1244 1834 verso
1269 1765 1359 1832 diem
1383 1767 1425 1832 ab
1450 1787 1544 1833 amne
1569 1766 1651 1834 deus

840 1875 915 1952 Seu,
940 1874 1016 1956 quia
1039 1873 1247 1941 vertentis
1263 1871 1399 1940 t'rnctnm
1415 1873 1637 1959 praecepimus
1661 1875 1748 1960 anni,

840 1981 1045 2048 Vertumni
1069 2000 1176 2046 rursus
1200 1979 1330 2047 creditis
1354 2000 1428 2047 esse
1452 1983 1597 2048 sacrum!

521 2111 549 2156 v.
573 2093 613 2154 21
642 2109 705 2173 etp:

838 2195 1038 2280 ,Opportuna
1061 2215 1135 2261 moa
1159 2201 1208 2261 est
1230 2195 1355 2261 cunctis
1378 2202 1493 2261 natura
1516 2195 1643 2279 liguris:

839 2304 876 2367 ln
901 2322 1133 2386 quamcumque
1157 2303 1247 2368 voles
1270 2310 1402 2386 verte,
1427 2301 1562 2368 decorus
1587 2306 1662 2370 crof

518 2432 546 2476 v.
571 2414 614 2476 47
643 2431 693 2488 sq:

839 2518 891 2600 ,At
914 2516 1001 2600 mihi,
1026 2514 1112 2599 qnod
1136 2517 1256 2582 formas
1281 2536 1360 2582 unns
1385 2517 1576 2582 vertebar
1599 2517 1632 2581 in
1656 2538 1779 2602 omnes,

839 2625 963 2690 Nomen
988 2624 1029 2688 ab
1055 2630 1171 2689 eventu
1194 2623 1300 2708 patria
1323 2623 1434 2706 lingua
1458 2623 1567 2691 dedit!

519 2731 613 2808 Quod
637 2730 813 2814 elegiarum
838 2730 1005 2796 consilium
1029 2732 1185 2796 subsonat
1208 2731 1240 2794 in
1265 2731 1410 2796 eiusdem
1434 2731 1585 2796 carminis
1609 2731 1720 2797 initio:

837 2837 934 2922 ‚Quid
958 2837 1075 2903 mirare
1098 2857 1188 2902 meas
1212 2844 1259 2903 tot
1281 2837 1314 2902 in
1337 2857 1400 2903 nno
1425 2858 1559 2922 corpore
1587 2837 1732 2904 formas?

836 2945 956 3028 Accipe
981 2944 1143 3010 Vertumni
1167 2944 1261 3028 signa
1287 2953 1422 3029 paterna
1447 2945 1529 3029 dci;‘

518 3069 605 3153 qnod
629 3068 823 3135 Kirchnerus
847 3075 933 3136 recte
959 3069 1005 3135 sic
1038 3069 1265 3154 interpretatur
1286 3068 1349 3150 (ll.
1374 3089 1404 3154 p.
1432 3073 1499 3148 72):
1540 3069 1672 3154 ,Accipe
1705 3090 1844 3154 causam,
1879 3089 1934 3136 eur·
1968 3077 2014 3137 tot
2046 3071 2170 3137 formae

357 3182 533 3242 statuarum
556 3176 588 3241 in
612 3196 675 3242 uno
709 3177 872 3243 Vertumni
896 3196 1029 3260 corpore
1054 3176 1244 3242 coniunctae
1268 3176 1350 3243 sint.‘

518 3300 601 3379 Quin
626 3301 724 3367 etiarn
749 3301 945 3380 ,Causarum‘
970 3300 1134 3385 propriam
1157 3300 1424 3384 significationem
1447 3301 1519 3385 ipse
1543 3300 1676 3366 adhibet
1700 3301 1817 3367 Sextus
1841 3320 1866 3367 c.
1893 3300 1933 3384 X,
1961 3305 1993 3365 1:

784 3408 887 3494 ‚Nune
910 3408 1001 3474 Jovis
1025 3407 1175 3492 incipiam
1200 3427 1317 3474 causas
1341 3409 1467 3493 aperire
1493 3408 1636 3474 Feretri!

516 3532 555 3599 cf.
578 3555 606 3600 v.
631 3535 674 3598 45
691 3554 781 3617 squ:
1270 3552 1392 3598 causa
1416 3532 1581 3615 Feretri,

836 3639 950 3706 Omine
976 3639 1062 3724 quod
1085 3646 1172 3706 certo
1197 3639 1262 3705 dux
1285 3639 1381 3706 ferit
1404 3659 1482 3706 cnse
1506 3639 1634 3716 ducem:

836 3747 902 3814 Seu
925 3747 1001 3830 quia
1024 3747 1109 3812 ricta
1133 3747 1199 3813 suis
1222 3747 1340 3813 umeris
1362 3747 1445 3813 haee
1468 3767 1558 3812 arma
1582 3747 1798 3826 ferebant,

835 3855 918 3920 Hinc
942 3855 1094 3921 Feretri
1118 3853 1201 3920 dicta
1225 3861 1274 3920 est
1298 3875 1355 3919 ara
1379 3855 1520 3938 superba
1545 3854 1650 3920 lovia‘

519 3997 630 4064 lnesse
653 3997 749 4080 igitur
772 3997 804 4060 in
838 3997 1026 4080 Hertzbergl
1052 3997 1183 4080 eiusque
1213 3997 1410 4062 asseclarum
1434 3996 1563 4079 iudicio,
1595 4016 1651 4063 cnr
1679 3997 1708 4061 ei
1732 4017 1796 4061 non
1821 3995 2029 4078 refragemnr·,
2059 3993 2168 4077 negari

356 4105 473 4188 nequit.
525 4103 610 4181 Quid
648 4105 750 4171 vero?
785 4102 1016 4170 Luctiohannis
1050 4124 1145 4187 quam
1180 4123 1382 4188 summopere
1416 4103 1541 4169 Cancro
1576 4111 1608 4169 ct
1640 4104 1775 4169 manime
1807 4102 2007 4169 Rotbsteinio
2033 4100 2168 4167 adblan-

357 4211 497 4276 dientem
529 4211 667 4276 vidimus
696 4211 908 4277 coniecturam
933 4231 1038 4276 nonne
1062 4212 1255 4294 coniungere
1280 4210 1355 4276 lieet
1379 4231 1449 4276 eum
1473 4210 1535 4276 bac
1559 4209 1600 4276 de
1624 4210 1799 4276 carminum
1823 4210 1956 4276 oonsilio
1982 4208 2169 4276 sententia?

356 4318 453 4383 Modo
478 4340 519 4384 ne
535 4317 627 4384 dicas
650 4339 738 4384 more
763 4318 1019 4402 ,periegetarum‘
1036 4317 1172 4402 (scilicet
1188 4317 1364 4384 seeundum
1386 4339 1496 4384 veram
1520 4339 1559 4383 ae
1582 4317 1746 4403 propriam
1769 4318 1862 4384 huius
1895 4318 1984 4384 vocis
2008 4317 2167 4401 signitica-

356 4426 488 4506 tionem)
521 4426 631 4491 urbem
661 4427 795 4492 Romam
830 4425 1075 4492 describendam
1108 4425 1168 4490 sibi
1202 4425 1408 4510 proposuisse
1441 4425 1657 4510 Propertium:
1707 4425 1848 4491 locorum
1883 4424 2023 4508 quodam
2057 4422 2168 4488 ordine

356 4540 484 4598 servato
531 4533 729 4618 processisse
773 4540 828 4598 aut
870 4539 1043 4617 procedere
1093 4532 1232 4598 voluisse
1275 4533 1307 4597 in
1355 4532 1456 4598 Aetiis
1498 4531 1680 4616 pangendis
1722 4539 1868 4617 poetam,
1923 4532 1991 4615 ipse
2042 4549 2168 4612 quoqne

356 4640 470 4706 lubens
490 4641 616 4724 largior.
664 4642 704 4704 ht
727 4659 872 4724 premere
895 4640 994 4705 nolim
1019 4640 1246 4724 ,periegeseoe‘
1272 4639 1412 4706 indolem
1429 4660 1499 4705 cum
1524 4638 1753 4724 Rothsteini01)
1777 4639 1842 4725 (ed.
1866 4644 1940 4704 tom.
1965 4638 2006 4723 ll,
2031 4660 2060 4725 p.
2088 4641 2167 4703 155:

517 4907 536 4977 ¹)
557 4907 631 4974 Quod
649 4909 682 4963 de
702 4908 746 4962 illo
765 4909 866 4977 primae
886 4910 986 4978 elegiae
1005 4910 1108 4977 hospite
1128 4911 1327 4976 argmucntatur
1346 4909 1398 4976 (ed.
1418 4913 1480 4962 loru.
1500 4909 1536 4973 ll,
1556 4927 1580 4976 p.
1603 4907 1675 4975 166):
1701 4907 1780 4974 „lVie
1805 4907 1847 4959 ein
1868 4905 2017 4960 wirhlieher
2036 4902 2166 4973 Perieget,

356 4997 436 5050 einen
455 4997 588 5050 Fremden
607 4999 633 5050 in
648 4999 712 5052 Rom
733 4999 955 5064 herumfiihrend‚
975 4999 1110 5052 eraclreiut
1127 4999 1176 5051 der·
1187 4997 1300 5051 Dichter
1318 5014 1359 5051 am
1381 4999 1504 5066 Antange
1522 4998 1570 5050 der
1586 4995 1686 5064 Elegia,
1706 5011 1760 5048 uuas
1773 4995 1819 5048 ilm
1838 4994 1944 5049 trellich
1963 4996 2037 5048 nieht
2055 4994 2166 5058 hindert,

354 5085 408 5138 deu
425 5086 462 5138 im
483 5090 572 5140 ersten
592 5087 677 5140 Veme
696 5089 875 5156 angeredoten
895 5088 1027 5141 Fremdeu
1047 5087 1083 5140 im
1111 5088 1240 5140 woibor-en
1259 5085 1388 5140 Verlanfe
1413 5088 1461 5139 des
1481 5087 1622 5140 tledichtes
1649 5085 1757 5140 eiufach
1780 5085 1982 5138 versohuinden
2002 5099 2034 5136 zu
2052 5081 2167 5147 lassemV

355 5175 396 5229 his
415 5176 543 5232 extremis
562 5175 649 5231 verbis
668 5179 785 5231 nostram
804 5177 837 5230 de
856 5177 969 5231 artificio
988 5177 1090 5246 poetico
1109 5177 1269 5231 sententiam
1289 5176 1360 5245 (vide
1379 5177 1468 5243 supra)
1487 5191 1534 5229 suo
1553 5175 1639 5229 Marte
1658 5173 1777 5228 stabilire
1797 5175 1906 5228 ridetur
1924 5174 1966 5226 vir
1983 5173 2045 5224 doct
2079 5213 2085 5224 .
